,Time,Price,Volume,Buy/Sell,Market/Limit
0,2013-10-06 21:34:15.551400000,122.0,0.1,s,l
1,2013-10-07 20:50:30.481500000,123.61,0.1,s,l
2,2013-10-08 02:58:35.641000000,123.91,1.0,s,l
3,2013-10-08 02:58:35.656700000,123.9,0.9916,s,l
4,2013-10-08 05:26:44.100100000,124.19,1.0,s,l
5,2013-10-08 05:26:44.107700000,124.18,1.0,s,l
6,2013-10-09 09:30:39.011000000,124.01687,1.0,s,l
7,2013-10-09 09:31:33.912300000,124.01687,1.0,s,l
8,2013-10-09 09:31:34.428800000,123.84,0.823,b,l
9,2013-10-10 19:03:55.177600000,125.85,1.0,b,l
10,2013-10-10 19:03:55.185500000,125.86,1.0,b,l
11,2013-10-12 09:47:44.373200000,127.5,1.0,s,l
12,2013-10-12 09:47:44.380900000,127.4,1.0,s,l
13,2013-10-12 09:47:44.388800000,127.0,2.0,s,l
14,2013-10-13 18:56:10.048800000,131.8408,0.1,b,l
15,2013-10-14 02:30:38.536200000,134.8,0.24,b,l
16,2013-10-14 04:40:05.193000000,134.3523,1.0,s,l
17,2013-10-14 04:40:06.450200000,134.3523,1.0,s,l
18,2013-10-14 04:40:07.699200000,134.3523,2.0,s,l
19,2013-10-14 04:40:08.937100000,134.3523,0.284,s,l
20,2013-10-14 04:40:08.944500000,133.85816,3.671,s,l
21,2013-10-14 04:40:08.952500000,133.36726000000002,1.045,s,l
22,2013-10-14 16:40:10.989300000,134.56,1.0,s,m
23,2013-10-14 16:40:10.998100000,134.46,0.39,s,m
24,2013-10-14 16:44:39.592100000,135.49,1.0,b,m
25,2013-10-14 16:44:39.600000000,135.59,0.37575337,b,m
26,2013-10-15 03:58:39.128500000,135.8,1.0,s,l
27,2013-10-15 03:58:39.136100000,135.7,1.0,s,l
28,2013-10-15 03:58:39.143700000,135.3,2.0,s,l
29,2013-10-15 17:01:17.879900000,153.0,0.2,b,m
30,2013-10-15 17:18:03.906400000,133.87975,0.1,s,m
31,2013-10-16 00:01:29.141700000,143.0,1.0,s,l
32,2013-10-16 00:01:29.149400000,142.9,1.0,s,l
33,2013-10-16 00:01:29.157000000,142.57101,1.839,s,l
34,2013-10-16 08:29:31.432500000,142.81001,1.0,s,l
35,2013-10-16 08:29:32.966800000,142.66,1.0,b,l
36,2013-10-16 11:48:38.392300000,145.38,0.19,b,m
37,2013-10-16 15:08:49.574400000,146.14,1.0,s,l
38,2013-10-16 15:08:49.582300000,146.04,1.0,s,l
39,2013-10-16 15:08:49.589400000,145.64,2.0,s,l
40,2013-10-16 15:08:49.597400000,145.14,1.0,s,l
41,2013-10-16 15:09:19.383300000,145.14,4.0,s,l
42,2013-10-16 15:09:19.392600000,142.28538,1.0,s,l
43,2013-10-16 16:36:28.301500000,141.23668,0.2,s,l
44,2013-10-16 22:40:08.461900000,139.16151000000002,1.0,s,l
45,2013-10-16 23:11:43.596200000,137.63758,1.0,s,l
46,2013-10-16 23:58:49.808900000,137.99,1.0,b,l
47,2013-10-16 23:58:49.816700000,138.09,1.0,b,l
48,2013-10-17 00:05:30.250199999,137.62448,1.0,s,l
49,2013-10-17 00:05:31.765700000,137.52,1.0,b,l
50,2013-10-17 09:00:08.569400000,142.06,1.0,b,l
51,2013-10-17 09:00:08.577300000,142.16,1.0,b,l
52,2013-10-17 10:34:21.660600000,144.73,0.777,s,l
53,2013-10-17 17:33:17.045000000,143.79522,1.0,b,l
54,2013-10-18 10:23:56.519499999,146.2399,1.0,b,l
55,2013-10-18 10:24:03.198000000,146.2399,1.0,b,l
56,2013-10-18 10:24:04.439200000,147.5,2.0,s,l
57,2013-10-18 10:24:05.689000000,147.0,1.79,s,l
58,2013-10-18 11:53:04.978800000,146.87001,1.0,s,l
59,2013-10-18 11:53:06.227200000,146.73,1.0,b,l
60,2013-10-18 12:54:13.414900000,148.7099,1.0,b,l
61,2013-10-18 13:59:07.915100000,149.0,1.0,s,l
62,2013-10-18 13:59:07.930900000,148.9,1.0,s,l
63,2013-10-18 13:59:07.939200000,148.5,2.0,s,l
64,2013-10-18 14:35:49.815900000,150.0529,1.0,b,l
65,2013-10-18 14:36:19.568300000,150.0529,1.781,b,l
66,2013-10-18 14:36:59.583100000,151.0,1.0,b,l
67,2013-10-18 14:36:59.591500000,151.1,0.491,b,l
68,2013-10-18 14:37:49.601500000,151.1,0.509,b,l
69,2013-10-18 14:40:45.463800000,152.5,0.1,b,l
70,2013-10-18 14:40:45.471900000,153.80147,0.9,b,l
71,2013-10-18 14:40:46.712600000,153.80147,1.0,b,l
72,2013-10-18 14:47:45.530100000,151.27005,0.5,s,l
73,2013-10-18 14:47:45.538700000,150.71493999999998,0.5,s,l
74,2013-10-18 14:47:46.806100000,150.65,0.98,b,l
75,2013-10-18 14:54:31.342100000,151.7999,1.0,b,l
76,2013-10-18 17:23:08.869600000,149.04856,1.0,s,l
77,2013-10-19 05:31:01.193900000,157.74,1.0,s,l
78,2013-10-19 05:31:01.201600000,157.64,1.0,s,l
79,2013-10-19 07:19:46.003000000,158.56499,1.0,b,l
80,2013-10-19 09:07:16.962500000,163.73,1.0,s,l
81,2013-10-19 09:07:16.970700000,163.63,1.0,s,l
82,2013-10-19 09:07:16.978700000,163.23,2.0,s,l
83,2013-10-19 09:15:37.357200000,162.2,1.0,s,l
84,2013-10-19 09:15:37.365100000,162.1,1.0,s,l
85,2013-10-19 09:15:37.373200000,161.7,2.0,s,l
86,2013-10-19 09:34:37.950800000,163.8899,1.0,b,l
87,2013-10-19 09:34:44.777300000,163.8899,1.0,b,l
88,2013-10-19 09:34:46.027400000,164.5,2.0,s,l
89,2013-10-19 09:34:47.521200000,164.0,3.1,s,l
90,2013-10-19 09:35:40.070500000,165.0,0.869,b,l
91,2013-10-19 09:35:50.076000000,165.0,0.131,b,l
92,2013-10-19 09:36:26.536500000,165.07037,0.754,s,l
93,2013-10-19 09:39:03.994400000,165.3799,1.0,b,l
94,2013-10-19 09:39:10.663900000,165.9,1.0,s,l
95,2013-10-19 09:39:12.175600000,165.5,2.0,s,l
96,2013-10-19 09:39:40.628800000,165.0,5.0,s,l
97,2013-10-19 09:40:40.245400000,165.3799,0.407,b,l
98,2013-10-19 09:56:06.028200000,165.25,1.0,s,l
99,2013-10-19 09:56:06.035900000,165.15,1.0,s,l
100,2013-10-19 09:56:06.043900000,164.75,2.0,s,l
101,2013-10-19 10:11:40.787500000,165.0499,1.0,b,l
102,2013-10-19 10:19:51.746900000,166.88,0.425,b,l
103,2013-10-19 10:19:59.088800000,166.9799,1.0,b,l
104,2013-10-19 10:20:40.117200000,167.7499,1.0,b,l
105,2013-10-19 10:20:41.364100000,167.9,1.0,s,l
106,2013-10-19 10:22:11.848000000,168.7,1.0,s,l
107,2013-10-19 10:22:11.855700000,168.6,1.0,s,l
108,2013-10-19 10:22:21.996900000,168.2,2.0,s,l
109,2013-10-19 10:23:17.824300000,168.3807,1.0,b,l
110,2013-10-19 10:23:19.068000000,168.3807,1.0,b,l
111,2013-10-19 10:23:20.304600000,168.3807,2.0,b,l
112,2013-10-19 10:23:21.551300000,168.3807,0.76,b,l
113,2013-10-19 10:23:21.558600000,168.3808,2.337,b,l
114,2013-10-19 10:23:52.003000000,168.3765,1.547,b,l
115,2013-10-19 10:24:01.707900000,168.3765,0.356,b,l
116,2013-10-19 10:26:03.168000000,169.59793,0.918,b,l
117,2013-10-19 10:26:03.176400000,170.21267,0.082,b,l
118,2013-10-19 10:26:04.427100000,170.21267,1.0,b,l
119,2013-10-19 10:26:05.940800000,170.5,1.17,s,l
120,2013-10-19 10:26:41.140300000,170.81875,1.0,b,l
121,2013-10-19 10:26:42.381100000,171.25,1.0,s,l
122,2013-10-19 10:43:47.515100000,163.88593,2.366,s,l
123,2013-10-19 10:45:08.409800000,162.06361,2.318,s,l
124,2013-10-19 11:05:40.069300000,164.4194,0.387,s,l
125,2013-10-19 11:05:40.076800000,163.81901000000002,1.645,s,l
126,2013-10-19 13:27:10.589300000,165.0,0.3,b,l
127,2013-10-19 17:23:49.152600000,160.1853,0.849,s,l
128,2013-10-19 17:23:49.162200000,160.0,0.151,s,l
129,2013-10-19 17:23:50.406800000,160.77277,0.835,s,l
130,2013-10-19 17:23:50.414200000,160.0,0.149,s,l
131,2013-10-19 17:23:50.422300000,159.59783000000002,0.016,s,l
132,2013-10-19 17:23:51.668500000,159.5,0.677,b,l
133,2013-10-19 17:23:51.978500000,159.59793,1.323,s,l
134,2013-10-19 17:24:26.073800000,160.77626999999998,0.625,s,l
135,2013-10-19 17:24:29.376100000,160.21,0.375,b,l
136,2013-10-19 17:24:29.385000000,160.31,0.273,b,l
137,2013-10-19 21:54:18.593100000,163.0,0.4,b,l
138,2013-10-19 23:30:24.170900000,165.0,0.3,b,l
139,2013-10-19 23:30:24.179800000,165.32738999999998,0.7,b,l
140,2013-10-19 23:30:25.428700000,165.87,1.0,s,l
141,2013-10-19 23:34:13.946300000,165.32537,1.0,b,l
142,2013-10-19 23:34:15.472800000,165.56,1.0,s,l
143,2013-10-20 00:23:53.922300000,166.52626,1.47741803,b,m
144,2013-10-20 10:42:31.648700000,162.9811,0.05,s,l
145,2013-10-20 16:46:40.640500000,164.18171999999998,0.507,s,l
146,2013-10-20 16:46:40.648400000,163.58136000000002,0.504,s,l
147,2013-10-20 16:46:40.655600000,162.981,2.31,s,l
148,2013-10-21 03:44:19.842500000,165.0,0.397,b,l
149,2013-10-21 03:44:29.508900000,166.02123,0.409,s,l
150,2013-10-21 05:00:27.876100000,165.0,0.194,b,l
151,2013-10-21 06:03:48.287900000,166.5314,1.1109,s,l
152,2013-10-21 06:07:41.025400000,169.08758,1.09079,b,l
153,2013-10-21 09:01:55.551000000,170.0,0.3,b,l
154,2013-10-21 11:19:08.781900000,176.00261,1.117,s,l
155,2013-10-21 11:19:08.790600000,175.36143,0.883,s,l
156,2013-10-21 11:26:49.426900000,176.65277,0.518,s,l
157,2013-10-21 13:03:25.943700000,174.72025,2.116,s,l
158,2013-10-21 13:16:27.891900000,174.07907,2.314,s,l
159,2013-10-21 13:17:36.582800000,173.43788999999998,1.0,s,l
160,2013-10-21 13:17:37.831200000,173.21,1.0,b,l
161,2013-10-21 13:17:48.788100000,173.43788999999998,0.158,s,l
162,2013-10-21 13:17:48.795500000,172.79308,2.294,s,l
163,2013-10-21 13:18:05.173500000,172.79308,0.401,b,l
164,2013-10-21 14:05:16.839200000,176.0,1.0,s,l
165,2013-10-21 14:23:54.043200000,176.32429,1.0,b,l
166,2013-10-21 14:33:49.634100000,176.32429,1.0,b,l
167,2013-10-22 08:36:57.899900000,181.97,2.0,b,l
168,2013-10-22 16:30:15.057800000,193.72291,2.347,b,l
169,2013-10-22 17:13:45.919600000,194.1,0.97887686,b,m
170,2013-10-22 17:36:12.198500000,194.1,0.02112314,b,l
171,2013-10-22 17:36:12.304900000,194.2,1.0,b,l
172,2013-10-22 17:43:01.187500000,194.0,0.97887686,b,l
173,2013-10-22 23:10:38.748600000,150.0,0.05,s,m
174,2013-10-23 04:31:32.085300000,191.62198,1.0,b,l
175,2013-10-23 04:38:14.909000000,191.62198,2.293,b,l
176,2013-10-23 04:38:35.624000000,191.62198,0.707,s,l
177,2013-10-23 04:48:56.127400000,191.61683,2.372,b,l
178,2013-10-23 04:55:36.638300000,192.31357,2.336,b,l
179,2013-10-23 05:01:01.152200000,191.5883,1.701,s,l
180,2013-10-23 05:12:18.392500000,192.28481000000002,2.398,b,l
181,2013-10-23 05:12:41.572300000,192.28481000000002,0.602,s,l
182,2013-10-23 05:38:19.142400000,192.98176999999998,2.327,b,l
183,2013-10-23 05:38:32.223600000,192.98176999999998,0.539,s,l
184,2013-10-23 05:38:42.452000000,192.28087,0.134,b,l
185,2013-10-23 06:42:15.409900000,192.28087,0.421,b,l
186,2013-10-23 07:28:17.504100000,192.2499,1.0,b,l
187,2013-10-23 08:48:39.506900000,189.1,0.618,s,l
188,2013-10-23 08:52:19.258799999,189.1,0.382,s,l
189,2013-10-23 08:53:03.908400000,188.21307,0.798,b,l
190,2013-10-23 08:53:03.916700000,188.89505,0.202,b,l
191,2013-10-23 08:55:05.718400000,188.89505,0.177,b,l
192,2013-10-23 09:01:39.106500000,189.57685,0.594,b,l
193,2013-10-23 10:24:38.568400000,189.98,0.406,s,l
194,2013-10-23 10:24:38.576800000,186.58375,0.597,s,l
195,2013-10-23 10:24:38.584000000,185.90287,0.559,s,l
196,2013-10-23 11:55:21.300600000,192.31047,2.012,b,l
197,2013-10-23 12:11:23.312400000,192.99459,2.01,b,l
198,2013-10-23 22:36:06.668800000,202.2132,1.0,b,l
199,2013-10-23 22:36:08.188700000,202.8,0.02,s,l
200,2013-10-23 22:40:03.732400000,202.94356000000002,1.0,b,l
201,2013-10-23 23:13:19.198200000,202.06,1.0,s,l
202,2013-10-23 23:13:19.207000000,201.96,1.0,s,l
203,2013-10-23 23:16:40.088300000,202.0,1.0,s,l
204,2013-10-23 23:16:40.097000000,201.9,1.0,s,l
205,2013-10-23 23:19:01.720000000,201.9,1.0,s,l
206,2013-10-23 23:19:01.728600000,201.8,1.0,s,l
207,2013-10-23 23:25:29.736300000,202.94356000000002,1.0,b,l
208,2013-10-23 23:25:30.987500000,202.94356000000002,1.0,b,l
209,2013-10-23 23:26:41.899800000,202.34,1.0,s,l
210,2013-10-23 23:26:41.908600000,202.24,1.0,s,l
211,2013-10-23 23:39:14.601000000,202.94366000000002,1.0,b,l
212,2013-10-23 23:39:16.110700000,203.45,0.015,s,l
213,2013-10-24 00:06:50.255900000,203.67412,1.0,b,l
214,2013-10-24 00:06:51.776300000,203.78,0.791,s,l
215,2013-10-24 01:14:52.253500000,204.37,1.0,b,l
216,2013-10-24 01:14:52.262100000,204.47,0.967,b,l
217,2013-10-24 01:15:02.182900000,206.27073000000001,0.033,s,l
218,2013-10-24 01:15:32.025500000,206.27073000000001,1.754,s,l
219,2013-10-24 01:35:12.123700000,205.52065,1.0,s,l
220,2013-10-24 01:35:13.643300000,205.06,1.0,b,l
221,2013-10-24 03:05:59.138200000,207.03217,0.396,s,l
222,2013-10-24 03:05:59.146100000,206.27643999999998,0.4,s,l
223,2013-10-24 04:55:44.519300000,205.52065,0.365,s,l
224,2013-10-24 04:56:07.052900000,205.44,0.447,b,l
225,2013-10-24 04:56:17.065600000,205.44,0.188,b,l
226,2013-10-24 04:56:17.073900000,205.54,0.287,b,l
227,2013-10-24 05:00:27.611600000,205.54,0.713,b,l
228,2013-10-24 05:00:46.772900000,207.30246,0.521,s,l
229,2013-10-24 05:00:46.780300000,206.54858000000002,1.28,s,l
230,2013-10-24 05:01:17.826100000,206.54858000000002,1.188,b,l
231,2013-10-24 05:13:24.546300000,205.79365,1.971,s,l
232,2013-10-24 05:13:56.515900000,205.79187,0.643,s,l
233,2013-10-24 05:13:56.524400000,205.03858,0.357,s,l
234,2013-10-24 05:13:57.780400000,205.03858,1.0,s,l
235,2013-10-24 05:17:55.010200000,205.03858,0.746,s,l
236,2013-10-24 05:17:55.018600000,204.28337,0.254,s,l
237,2013-10-24 05:17:56.528699999,204.28337,0.947,s,l
238,2013-10-24 05:17:56.537100000,203.52841,0.053,s,l
239,2013-10-24 05:19:10.771500000,203.52841,1.204,b,l
240,2013-10-24 05:19:16.519800000,202.7737,0.765,s,l
241,2013-10-24 05:19:16.528100000,202.01899,0.235,s,l
242,2013-10-24 05:19:18.043900000,202.01899,0.537,s,l
243,2013-10-24 05:19:18.052200000,201.26428,0.463,s,l
244,2013-10-24 05:19:40.222600000,202.01899,1.0,s,l
245,2013-10-24 05:19:41.458400000,202.01899,0.819,s,l
246,2013-10-24 05:19:41.467500000,201.26428,0.181,s,l
247,2013-10-24 05:20:49.681800000,201.26428,0.148,s,l
248,2013-10-24 05:20:49.689200000,200.50956000000002,0.784,s,l
249,2013-10-24 05:20:49.697300000,199.75485,0.068,s,l
250,2013-10-24 05:20:50.946000000,197.6,0.731,b,l
251,2013-10-24 05:25:50.909000000,191.1,1.0,s,l
252,2013-10-24 05:25:50.917300000,191.0,1.0,s,l
253,2013-10-24 05:29:30.134200000,182.0,1.0,b,l
254,2013-10-24 05:29:30.142400000,182.1,1.0,b,l
255,2013-10-24 05:36:58.115100000,190.84511,1.0,b,l
256,2013-10-24 05:36:59.354300000,190.84511,1.0,b,l
257,2013-10-24 07:21:25.156000000,169.9201,1.0,s,l
258,2013-10-24 14:08:08.120400000,194.9,1.0,s,l
259,2013-10-24 14:08:08.129300000,194.8,1.0,s,l
260,2013-10-24 14:22:08.456500000,195.4,1.0,s,l
261,2013-10-24 14:22:08.465000000,195.3,1.0,s,l
262,2013-10-24 14:32:49.384000000,198.91,1.0,s,l
263,2013-10-24 14:32:49.392700000,198.81,1.0,s,l
264,2013-10-24 15:12:38.960200000,199.91,1.0,s,l
265,2013-10-24 15:12:38.968900000,199.81,1.0,s,l
266,2013-10-24 15:13:21.075800000,199.51,2.0,s,l
267,2013-10-24 15:18:18.436600000,199.73,1.0,s,l
268,2013-10-24 15:19:44.019100000,199.63,1.0,b,l
269,2013-10-24 15:22:22.447800000,199.64,1.0,b,l
270,2013-10-24 15:22:23.707400000,199.66,1.0,s,l
271,2013-10-24 15:22:39.119100000,199.36,2.0,s,l
272,2013-10-24 15:26:12.788500000,198.7,1.0,s,l
273,2013-10-24 15:26:12.797500000,198.6,0.51007049,s,l
274,2013-10-24 15:58:31.693800000,198.0,1.0,s,l
275,2013-10-24 15:58:42.140700000,198.0,2.0,s,l
276,2013-10-24 16:04:23.373400000,197.06,1.0,s,l
277,2013-10-24 16:04:23.382100000,196.96,1.0,s,l
278,2013-10-24 16:06:43.113300000,196.82,1.0,s,l
279,2013-10-24 16:06:43.121800000,196.72,1.0,s,l
280,2013-10-24 16:16:53.210800000,192.91,0.94505,s,m
281,2013-10-24 16:17:45.093800000,193.25,0.52481241,b,l
282,2013-10-24 16:42:52.538300000,195.57,1.0,s,l
283,2013-10-24 16:42:52.547000000,195.47,1.0,s,l
284,2013-10-24 16:46:53.013800000,194.91,1.0,s,l
285,2013-10-24 16:46:53.022400000,194.81,1.0,s,l
286,2013-10-24 16:54:35.024700000,194.88,1.0,s,l
287,2013-10-24 16:54:35.033400000,194.78,1.0,s,l
288,2013-10-24 16:55:55.400000000,195.44,1.0,s,l
289,2013-10-24 16:55:55.408700000,195.34,1.0,s,l
290,2013-10-24 16:56:37.762400000,195.04,2.0,s,l
291,2013-10-24 17:16:33.675300000,195.0,0.5,b,l
292,2013-10-24 19:40:01.816300000,191.75,1.0,s,l
293,2013-10-24 19:41:49.263700000,190.0,0.5,s,l
294,2013-10-24 19:51:52.607900000,190.12,1.0,s,l
295,2013-10-24 20:00:18.829400000,191.2,0.5,s,l
296,2013-10-24 20:25:15.371100000,192.11,1.0,s,l
297,2013-10-24 21:11:54.257199999,189.3,4.02757527,s,l
298,2013-10-24 21:36:38.144900000,187.39,1.0,b,l
299,2013-10-24 21:36:38.152800000,187.49,1.0,b,l
300,2013-10-24 21:36:38.161100000,187.89,2.0,b,l
301,2013-10-24 22:04:34.453500000,185.95,0.97746706,b,m
302,2013-10-24 23:34:37.911100000,193.0999,1.0,b,l
303,2013-10-25 18:06:40.479800000,172.27,1.0,s,l
304,2013-10-25 18:06:40.487700000,171.97,1.0,s,l
305,2013-10-25 18:06:40.495900000,171.97,2.0,s,l
306,2013-10-25 18:33:03.231800000,173.13,1.0,s,l
307,2013-10-25 18:33:03.239700000,172.83,1.0,s,l
308,2013-10-25 18:33:03.247800000,172.83,2.0,s,l
309,2013-10-25 18:33:42.540800000,172.33,5.0,s,l
310,2013-10-25 19:16:03.468200000,181.38,1.0,s,l
311,2013-10-25 19:16:03.476300000,181.08,1.0,s,l
312,2013-10-25 19:16:03.484400000,181.08,2.0,s,l
313,2013-10-25 19:20:43.642600000,181.8,1.0,s,l
314,2013-10-25 19:20:43.650500000,181.5,1.0,s,l
315,2013-10-25 19:20:43.658600000,181.5,2.0,s,l
316,2013-10-25 19:21:23.804300000,182.0,1.0,s,l
317,2013-10-25 19:21:24.775700000,182.3,1.0,s,l
318,2013-10-25 19:21:26.301800000,182.0,2.0,s,l
319,2013-10-25 19:21:27.537600000,181.5,1.0,s,l
320,2013-10-25 19:22:03.404600000,181.5,4.0,b,l
321,2013-10-25 19:23:27.765000000,182.8,1.0,s,l
322,2013-10-25 19:23:27.772800000,182.5,1.0,s,l
323,2013-10-25 19:23:27.780900000,182.5,2.0,s,l
324,2013-10-25 19:23:54.408900000,182.0,0.2,s,l
325,2013-10-25 19:24:45.463500000,183.47,1.0,s,l
326,2013-10-25 19:24:45.471100000,183.17,1.0,s,l
327,2013-10-25 19:24:45.479200000,183.17,2.0,s,l
328,2013-10-25 19:26:25.236700000,183.19,1.0,s,l
329,2013-10-25 19:26:25.244400000,182.89,1.0,s,l
330,2013-10-25 19:26:25.252500000,182.89,2.0,s,l
331,2013-10-25 19:27:06.456900000,182.39,5.0,s,l
332,2013-10-25 19:31:06.522100000,186.8,1.0,s,l
333,2013-10-25 19:31:06.529599999,186.5,1.0,s,l
334,2013-10-25 19:31:06.537600000,186.5,2.0,s,l
335,2013-10-25 19:31:50.091900000,186.0,5.0,s,l
336,2013-10-25 19:33:06.965100000,184.8,1.0,s,l
337,2013-10-25 19:33:06.972800000,184.5,1.0,s,l
338,2013-10-25 19:33:06.980900000,184.5,2.0,s,l
339,2013-10-25 19:33:46.253300000,184.0,5.0,s,l
340,2013-10-25 22:10:53.814900000,183.0,1.0,s,l
341,2013-10-25 23:45:45.711100000,186.0499,1.0,b,l
342,2013-10-26 01:04:59.391200000,185.8,1.0,s,l
343,2013-10-26 01:17:17.836800000,185.53,1.0,s,l
344,2013-10-26 01:19:18.988400000,185.6,1.0,s,l
345,2013-10-26 01:32:42.415400000,183.92,1.0,s,l
346,2013-10-26 01:35:43.286300000,183.9,1.0,s,l
347,2013-10-26 05:17:51.691500000,179.8656,1.0,s,l
348,2013-10-26 07:48:09.948400000,183.2999,1.0,b,l
349,2013-10-26 08:16:56.870800000,184.08,1.0,b,l
350,2013-10-26 08:16:56.878700000,184.18,1.0,b,l
351,2013-10-26 08:16:56.886700000,184.58,2.0,b,l
352,2013-10-27 08:04:43.554000000,182.3,1.0,b,l
353,2013-10-27 08:04:43.562900000,182.3999,9.06,b,l
354,2013-10-27 08:05:25.947400000,182.39999,1.94,b,l
355,2013-10-27 08:08:48.092300000,182.21,3.0,s,l
356,2013-10-27 12:17:19.865800000,180.67,1.0,s,l
357,2013-10-27 12:17:21.101700000,180.67,1.0,s,l
358,2013-10-27 12:17:24.033400000,180.67,2.0,s,l
359,2013-10-27 12:17:25.553500000,180.67,1.0,s,l
360,2013-10-27 12:17:25.561400000,179.47,4.0,s,l
361,2013-10-27 14:41:30.772900000,180.2701,1.0,s,l
362,2013-10-27 14:41:32.032900000,180.2701,1.0,s,l
363,2013-10-27 14:41:33.566000000,180.2701,0.342,s,l
364,2013-10-27 14:41:33.574500000,179.47,1.658,s,l
365,2013-10-27 14:56:21.345400000,181.32332,1.0,s,l
366,2013-10-27 14:56:22.593500000,181.32332,1.0,s,l
367,2013-10-27 14:56:24.113100000,181.32332,0.261,s,l
368,2013-10-27 14:56:24.121200000,180.27642,1.739,s,l
369,2013-10-27 15:01:30.499200000,181.3197,1.0,s,l
370,2013-10-27 15:01:31.748600000,181.3197,0.175,s,l
371,2013-10-27 15:01:31.757000000,180.27642,0.825,s,l
372,2013-10-27 15:01:33.008200000,180.27642,0.785,s,l
373,2013-10-27 15:01:33.015500000,179.47,0.342,s,l
374,2013-10-27 15:01:33.023200000,179.23623999999998,0.873,s,l
375,2013-10-27 16:58:34.959400000,183.9999,0.596,b,l
376,2013-10-27 16:59:31.335900000,183.47988999999998,0.571,s,l
377,2013-10-27 16:59:31.343200000,182.41926,0.594,s,l
378,2013-10-27 16:59:31.350900000,182.0,0.19939,s,l
379,2013-10-27 16:59:31.358000000,181.35842,0.589,s,l
380,2013-10-27 17:31:32.044800000,184.0,0.534,b,l
381,2013-10-27 17:31:36.030200000,185.60467,0.524,s,l
382,2013-10-27 18:01:55.528400000,184.0,1.0,b,l
383,2013-10-27 18:01:56.766900000,188.31,1.0,s,l
384,2013-10-27 18:01:59.937400000,188.01,0.942,s,l
385,2013-10-27 18:05:34.696900000,188.48,0.1,s,l
386,2013-10-27 18:05:34.704600000,188.01,1.058,s,l
387,2013-10-27 18:05:34.711800000,187.51,5.0,s,l
388,2013-10-27 18:21:18.299500000,189.47,0.1,s,l
389,2013-10-27 18:21:18.307000000,189.3,1.0,s,l
390,2013-10-27 18:21:18.313900000,189.0,1.0,s,l
391,2013-10-27 18:21:18.321800000,189.0,2.0,s,l
392,2013-10-27 18:21:58.220700000,188.5,5.0,s,l
393,2013-10-27 18:27:41.324400000,189.97,0.1,s,l
394,2013-10-27 18:27:41.331900000,189.8,1.0,s,l
395,2013-10-27 18:27:41.338800000,189.5,1.0,s,l
396,2013-10-27 18:27:41.346600000,189.5,2.0,s,l
397,2013-10-27 18:28:23.224200000,191.0,1.0,s,l
398,2013-10-27 18:28:23.642100000,191.3,1.0,s,l
399,2013-10-27 18:28:24.874100000,191.0,2.0,s,l
400,2013-10-27 18:30:01.992900000,191.3,1.0,s,l
401,2013-10-27 18:30:02.000400000,191.0,1.0,s,l
402,2013-10-27 18:30:02.008200000,191.0,2.0,s,l
403,2013-10-29 21:16:39.005600000,195.0,0.62564102,b,l
404,2013-10-30 02:18:34.812500000,195.0,0.01,b,l
405,2013-10-30 03:37:00.190000000,195.0,0.36435898,b,l
406,2013-10-30 03:37:00.198400000,197.43958999999998,0.02839,b,l
407,2013-10-30 09:17:51.137600000,199.97,0.01,s,l
408,2013-10-30 09:54:09.451400000,202.07,0.01,s,l
409,2013-10-30 11:22:57.447600000,202.83,0.1,s,l
410,2013-10-30 11:22:57.457100000,202.66,1.0,s,l
411,2013-10-30 11:22:57.464100000,202.36,1.0,s,l
412,2013-10-30 11:22:57.472200000,202.36,2.0,s,l
413,2013-10-30 11:23:37.090600000,201.86,5.0,s,l
414,2013-10-30 16:33:03.628700000,203.94,0.1,s,m
415,2013-10-30 16:33:03.637400000,203.77,0.1,s,m
416,2013-10-31 00:03:15.351900000,199.0,0.01,b,l
417,2013-10-31 06:36:46.312400000,199.5,1.0,b,l
418,2013-10-31 06:36:46.320700000,199.6,1.0,b,l
419,2013-10-31 16:38:31.870900000,200.77,0.05,s,l
420,2013-10-31 22:38:40.615400000,202.27,0.1,s,l
421,2013-10-31 22:44:56.411000000,202.1,0.1,s,l
422,2013-11-01 04:34:32.619300000,203.59999,0.1,b,l
423,2013-11-01 07:04:20.719300000,203.59999,0.1,s,l
424,2013-11-01 07:04:56.383600000,203.59999,0.1,s,l
425,2013-11-01 07:05:32.073900000,203.59999,0.1,s,l
426,2013-11-01 07:06:08.518499999,203.59999,0.1,s,l
427,2013-11-01 07:06:42.372200000,203.59999,0.1,s,l
428,2013-11-01 07:07:16.284600000,203.59999,0.1,s,l
429,2013-11-01 07:07:51.238000000,203.59999,0.1,s,l
430,2013-11-01 07:08:25.021100000,203.59999,0.1,s,l
431,2013-11-01 07:09:00.296100000,203.59999,0.1,s,l
432,2013-11-01 07:09:34.438300000,203.59999,0.1,s,l
433,2013-11-01 07:12:56.734600000,203.59999,0.1,s,l
434,2013-11-01 07:15:47.417000000,203.59999,0.1,s,l
435,2013-11-01 07:20:51.691200000,203.59999,0.1,s,l
436,2013-11-01 07:25:15.782200000,203.59999,0.1,s,l
437,2013-11-01 07:25:52.050600000,203.59999,0.1,s,l
438,2013-11-01 07:26:59.987000000,203.59999,0.0429,s,l
439,2013-11-01 07:27:00.280600000,203.37,0.0571,b,l
440,2013-11-01 07:27:34.122400000,203.59999,0.1,s,l
441,2013-11-01 07:28:07.737800000,203.37,0.1,b,l
442,2013-11-01 07:28:42.450300000,203.59999,0.1,s,l
443,2013-11-01 07:55:24.546700000,203.59999,0.1,s,l
444,2013-11-01 07:55:59.349000000,203.59999,0.1,s,l
445,2013-11-01 07:56:32.740800000,203.59999,0.1,s,l
446,2013-11-01 07:57:08.105500000,203.59999,0.1,s,l
447,2013-11-01 07:57:44.778300000,203.59999,0.1,s,l
448,2013-11-01 07:58:20.222000000,203.59999,0.1,s,l
449,2013-11-01 07:58:54.523400000,203.59999,0.1,s,l
450,2013-11-01 07:59:28.357300000,203.59999,0.1,s,l
451,2013-11-01 08:00:03.983200000,203.59999,0.1,s,l
452,2013-11-01 08:00:40.188500000,203.59999,0.1,s,l
453,2013-11-01 08:01:15.497600000,203.59999,0.1,s,l
454,2013-11-01 08:01:51.797900000,203.59999,0.1,s,l
455,2013-11-01 08:02:25.762100000,203.59999,0.1,s,l
456,2013-11-01 08:03:00.681700000,203.59999,0.1,s,l
457,2013-11-01 08:03:35.988700000,203.59999,0.1,s,l
458,2013-11-01 08:04:10.862400000,203.59999,0.1,s,l
459,2013-11-01 08:04:46.174100000,203.59999,0.1,s,l
460,2013-11-01 08:05:22.188700000,203.59999,0.1,s,l
461,2013-11-01 08:05:57.328800000,203.59999,0.1,s,l
462,2013-11-01 08:06:33.574000000,203.59999,0.1,s,l
463,2013-11-01 08:07:06.869500000,203.59999,0.1,s,l
464,2013-11-01 08:07:41.617000000,203.59999,0.1,s,l
465,2013-11-01 08:08:15.875200000,203.59999,0.1,s,l
466,2013-11-01 08:08:50.653600000,203.59999,0.1,s,l
467,2013-11-01 08:09:24.842200000,203.59999,0.1,s,l
468,2013-11-01 08:10:00.119100000,203.59999,0.1,s,l
469,2013-11-01 08:10:33.938600000,203.59999,0.1,s,l
470,2013-11-01 08:11:08.807000000,203.59999,0.1,s,l
471,2013-11-01 08:11:42.729200000,203.59999,0.1,s,l
472,2013-11-01 08:15:57.410900000,203.59999,0.1,s,l
473,2013-11-01 08:16:32.001000000,203.59999,0.1,s,l
474,2013-11-01 08:17:40.467300000,203.59999,0.1,s,l
475,2013-11-01 08:18:45.611400000,203.59999,0.1,s,l
476,2013-11-01 08:19:52.630700000,203.59999,0.1,s,l
477,2013-11-01 08:21:30.374300000,203.59999,0.1,s,l
478,2013-11-01 08:22:37.167700000,203.59999,0.1,s,l
479,2013-11-01 08:23:12.106100000,203.59999,0.1,s,l
480,2013-11-01 08:23:47.442200000,203.59999,0.1,s,l
481,2013-11-01 08:24:20.656300000,203.59999,0.09394207,s,l
482,2013-11-01 08:32:43.807800000,203.6,0.16,b,l
483,2013-11-01 08:32:43.816400000,204.45798,2.362,b,l
484,2013-11-01 08:47:26.510000000,205.0,0.1,s,l
485,2013-11-01 08:49:35.028900000,205.0,0.1,s,l
486,2013-11-01 08:58:34.819000000,205.0,0.1,s,l
487,2013-11-01 09:00:13.027000000,205.0,0.1,s,l
488,2013-11-01 09:02:23.002100000,205.0,0.1,s,l
489,2013-11-01 09:04:34.043500000,205.0,0.1,s,l
490,2013-11-01 09:05:09.763700000,205.0,0.1,s,l
491,2013-11-01 09:05:45.095900000,205.0,0.1,s,l
492,2013-11-01 09:06:19.989200000,205.0,0.1,s,l
493,2013-11-01 09:51:54.774200000,205.0,13.86,s,l
494,2013-11-01 13:30:08.234500000,205.62294,2.38,b,l
495,2013-11-01 13:31:16.040200000,206.78669,1.62,b,l
496,2013-11-01 13:32:19.167000000,206.78669,0.1,b,m
497,2013-11-01 13:33:38.291900000,205.0,0.1,s,l
498,2013-11-01 13:35:39.702700000,205.0,0.1,b,l
499,2013-11-01 13:38:25.435400000,206.78669,0.606,b,l
500,2013-11-01 14:02:50.982900000,206.78669,0.1,s,l
501,2013-11-01 14:03:39.056200000,206.78669,0.1,s,l
502,2013-11-01 14:03:53.480400000,206.78669,0.1,s,l
503,2013-11-01 14:04:07.357200000,206.78669,0.1,s,l
504,2013-11-01 14:04:22.242000000,206.78669,0.1,s,l
505,2013-11-01 14:04:35.670200000,206.78669,0.1,s,l
506,2013-11-01 14:04:49.126700000,206.78669,0.1,s,l
507,2013-11-01 14:07:40.571500000,206.78669,0.1,s,l
508,2013-11-01 14:08:42.608500000,206.78669,0.1,s,l
509,2013-11-01 14:08:57.035200000,206.78669,0.1,s,l
510,2013-11-01 14:09:23.246400000,206.78669,0.1,s,l
511,2013-11-01 14:17:04.025100000,206.78669,0.1,s,l
512,2013-11-01 16:31:54.253699999,207.96822,1.98059107,b,m
513,2013-11-01 18:09:52.358200000,205.0,0.1,s,l
514,2013-11-01 18:14:07.100900000,205.0,0.1,s,l
515,2013-11-01 18:24:17.839800000,205.0,0.1,s,l
516,2013-11-01 18:24:53.187100000,205.0,0.1,s,l
517,2013-11-01 18:26:02.307600000,205.0,0.1,s,l
518,2013-11-01 18:28:15.433700000,205.0,0.1,s,l
519,2013-11-01 18:34:45.728000000,205.0,0.1,s,l
520,2013-11-01 18:38:35.320800000,205.0,0.1,s,l
521,2013-11-01 18:39:42.273900000,205.0,0.1,s,l
522,2013-11-01 18:40:18.825500000,205.0,0.1,s,l
523,2013-11-01 18:41:29.170100000,205.0,0.1,s,l
524,2013-11-01 18:42:06.194500000,205.0,0.1,s,l
525,2013-11-01 18:42:43.656600000,205.0,0.1,s,l
526,2013-11-01 18:44:29.740800000,205.0,0.1,s,l
527,2013-11-01 18:45:08.540400000,205.0,0.07037239,s,l
528,2013-11-01 18:45:10.014600000,203.705,0.0296276,b,l
529,2013-11-01 18:45:47.514000000,205.0,0.1,s,l
530,2013-11-01 18:48:42.150000000,205.0,0.0984,s,l
531,2013-11-01 18:49:21.395700000,205.0,0.1,s,l
532,2013-11-01 18:49:59.374700000,205.0,0.1,s,l
533,2013-11-01 18:50:36.213200000,205.0,0.1,s,l
534,2013-11-01 18:51:12.535400000,205.0,0.1,s,l
535,2013-11-01 18:54:01.620400000,205.0,0.1,s,l
536,2013-11-01 18:55:03.352100000,205.0,0.31960001,s,l
537,2013-11-01 19:52:16.551800000,203.07,0.1,s,l
538,2013-11-01 19:54:04.509200000,202.9,0.1,s,l
539,2013-11-02 02:33:59.515900000,202.68,0.1,s,l
540,2013-11-02 02:33:59.524599999,202.01,0.1,s,l
541,2013-11-02 02:33:59.531599999,201.84,1.0,s,l
542,2013-11-02 02:33:59.538600000,201.54,1.0,s,l
543,2013-11-02 02:33:59.545600000,201.54,2.0,s,l
544,2013-11-02 02:33:59.553200000,201.04,1.35555555,s,l
545,2013-11-02 04:41:51.923400000,204.07,0.01,s,l
546,2013-11-02 05:00:20.066800000,204.07,0.09,s,l
547,2013-11-02 05:00:20.074900000,204.024,0.1,s,l
548,2013-11-02 05:00:20.081900000,203.9,1.0,s,l
549,2013-11-02 12:50:42.486000000,204.24,0.1,s,l
550,2013-11-02 13:06:19.755100000,203.47,0.1,s,l
551,2013-11-02 14:57:20.257000000,203.51,0.1,s,l
552,2013-11-03 02:55:46.593900000,204.662,0.079,s,l
553,2013-11-03 02:55:46.601800000,204.65999,0.021,s,l
554,2013-11-03 06:58:29.068700000,204.30553999999998,0.00489462,b,m
555,2013-11-03 07:03:34.158100000,203.69445,0.02071989,s,m
556,2013-11-03 07:03:34.167800000,203.47,0.07928011,s,m
557,2013-11-03 07:08:59.958000000,203.69445,0.02064228,s,m
558,2013-11-03 07:08:59.967000000,203.47,0.00035772,s,m
559,2013-11-03 07:16:57.323100000,203.69262,0.01383252,b,l
560,2013-11-03 07:16:57.330700000,204.30278,0.02766504,b,l
561,2013-11-03 07:22:39.033000000,204.30187,0.02086,s,m
562,2013-11-03 07:27:58.085600000,204.30553999999998,0.01387415,b,m
563,2013-11-03 07:27:58.094300000,204.91754,0.00012585,b,m
564,2013-11-03 07:39:49.549000000,204.30553999999998,0.014,s,m
565,2013-11-03 08:09:49.772200000,204.30553999999998,0.01387415,b,m
566,2013-11-03 08:11:12.236200000,204.30553999999998,0.01387415,s,m
567,2013-11-03 09:19:06.090200000,203.78,0.01448843,s,l
568,2013-11-03 09:34:51.980700000,203.78,0.01444116,s,l
569,2013-11-03 11:38:46.094700000,203.87,0.1,b,l
570,2013-11-03 11:45:20.313500000,203.87,0.1,b,l
571,2013-11-03 11:46:57.450800000,203.87,0.1,b,l
572,2013-11-03 11:57:00.647300000,203.87,0.1,b,l
573,2013-11-03 12:00:14.547500000,203.87,0.1,b,l
574,2013-11-03 12:07:07.523000000,203.87,0.1,b,l
575,2013-11-03 12:12:32.411000000,203.87,0.1,b,l
576,2013-11-03 12:19:28.229500000,203.87,0.1,b,l
577,2013-11-03 12:21:08.777200000,203.87,0.1,b,l
578,2013-11-03 12:35:56.325700000,203.87,0.1,b,l
579,2013-11-03 12:41:36.198100000,204.50871999999998,0.01439403,b,l
580,2013-11-03 15:13:50.674700000,204.89,0.1,b,l
581,2013-11-03 15:14:30.298800000,204.89,0.1,b,l
582,2013-11-03 15:15:13.158200000,204.89,0.1,b,l
583,2013-11-03 15:15:54.403500000,204.89,0.1,b,l
584,2013-11-03 15:18:15.181100000,204.89,0.1,b,l
585,2013-11-03 15:20:10.861300000,204.89,0.1,b,l
586,2013-11-03 15:20:57.463400000,204.89,0.1,b,l
587,2013-11-03 15:22:12.899700000,204.89,0.1,b,l
588,2013-11-03 15:22:55.616600000,204.89,0.1,b,l
589,2013-11-03 15:25:20.687400000,204.89,0.1,b,l
590,2013-11-03 15:26:06.710400000,205.12225,0.01443722,b,l
591,2013-11-03 16:16:24.643200000,205.72,0.1,b,l
592,2013-11-03 16:17:13.072200000,205.72,0.1,b,l
593,2013-11-03 16:18:34.430900000,205.72,0.1,b,l
594,2013-11-03 16:22:06.743300000,205.72,0.1,b,l
595,2013-11-03 16:25:35.405700000,205.72,0.1,b,l
596,2013-11-03 16:26:23.700400000,205.72,0.1,b,l
597,2013-11-03 16:27:39.249800000,205.72,0.1,b,l
598,2013-11-03 16:28:26.492100000,205.72,0.1,b,l
599,2013-11-03 16:29:40.921500000,205.72,0.1,b,l
600,2013-11-03 16:30:22.197000000,205.72,0.1,b,l
601,2013-11-03 16:31:01.006900000,205.73762,0.01448053,b,l
602,2013-11-03 16:31:01.016100000,206.0,0.08551947,b,l
603,2013-11-03 16:33:20.293700000,206.0,0.01448053,b,l
604,2013-11-03 16:55:04.481900000,206.35483,0.01452397,b,l
605,2013-11-03 17:55:14.255600000,206.75,0.1,b,l
606,2013-11-03 17:55:55.946500000,206.75,0.1,b,l
607,2013-11-03 17:56:41.967900000,206.75,0.1,b,l
608,2013-11-03 17:57:19.294000000,206.75,0.1,b,l
609,2013-11-03 18:00:06.623800000,206.75,0.1,b,l
610,2013-11-03 18:10:34.673900000,206.75,0.1,b,l
611,2013-11-03 18:11:13.360300000,206.75,0.1,b,l
612,2013-11-03 18:12:57.450300000,206.75,0.1,b,l
613,2013-11-03 18:13:35.620300000,206.75,0.1,b,l
614,2013-11-03 18:14:10.352900000,206.75,0.1,b,l
615,2013-11-03 18:20:54.792000000,206.97388999999998,0.01456754,b,l
616,2013-11-03 18:33:24.444200000,207.59482,0.01461124,b,l
617,2013-11-03 18:35:55.423100000,207.67616,0.1,b,l
618,2013-11-03 18:37:55.961700000,207.67198,0.1,b,l
619,2013-11-03 19:11:27.992800000,207.43988000000002,0.1,s,l
620,2013-11-03 19:11:28.002100000,207.18169,0.02169177,s,l
621,2013-11-03 19:11:28.009900000,207.06,0.1,s,l
622,2013-11-03 19:11:28.016800000,206.89,1.0,s,l
623,2013-11-03 19:11:47.999700000,207.01377,0.042,s,l
624,2013-11-03 19:41:52.779000000,207.59295,0.01461111,b,l
625,2013-11-03 19:41:52.796700000,207.75,0.08538889,b,l
626,2013-11-03 19:42:30.897100000,207.75,0.1,b,l
627,2013-11-03 20:30:31.525000000,207.75,0.31461111,b,l
628,2013-11-03 21:11:47.292800000,208.21573,0.01465495,b,l
629,2013-11-03 21:51:17.195800000,207.80137,0.02169177,s,l
630,2013-11-03 21:53:38.751800000,207.25999,0.1,s,l
631,2013-11-03 21:53:38.759900000,207.17796,0.02169177,s,l
632,2013-11-03 22:01:48.035100000,207.58921,0.01461085,b,l
633,2013-11-03 22:01:48.042800000,207.848,0.1,b,l
634,2013-11-03 22:01:49.288100000,208.21043,0.0292217,b,l
635,2013-11-03 22:01:49.571600000,208.3,0.01465468,s,l
636,2013-11-03 22:02:17.877200000,208.47,0.1,s,l
637,2013-11-03 22:16:50.914100000,208.52598999999998,0.1,b,l
638,2013-11-03 22:17:04.673700000,208.76,0.04159999,s,l
639,2013-11-03 22:17:04.987800000,208.67972,0.0584,b,l
640,2013-11-03 22:54:10.864600000,208.83506,0.02930937,b,l
641,2013-11-03 22:54:10.882800000,208.9,0.07069063,b,l
642,2013-11-03 22:54:45.219300000,208.9,0.1,b,l
643,2013-11-03 22:55:20.525300000,208.9,0.1,b,l
644,2013-11-03 22:56:28.831400000,208.9,0.1,b,l
645,2013-11-03 22:58:39.986500000,208.9,0.1,b,l
646,2013-11-03 22:59:16.587300000,208.9,0.01040668,b,l
647,2013-11-03 22:59:51.306900000,208.93,0.01040668,s,l
648,2013-11-03 23:00:27.508800000,208.9,0.1,b,l
649,2013-11-03 23:01:03.760100000,208.9,0.1,b,l
650,2013-11-03 23:01:39.598700000,208.9,0.1,b,l
651,2013-11-03 23:02:14.854600000,208.9,0.1,b,l
652,2013-11-03 23:02:52.067600000,208.9,0.01039673,b,l
653,2013-11-03 23:02:52.380500000,208.97,0.08960326,s,l
654,2013-11-03 23:03:27.876500000,208.9,0.1,b,l
655,2013-11-03 23:07:45.418400000,208.9,0.1,b,l
656,2013-11-03 23:09:25.992600000,208.9,0.05849602,b,l
657,2013-11-03 23:09:26.002100000,208.9,0.04150398,b,l
658,2013-11-03 23:10:36.862600000,208.9,0.1,b,l
659,2013-11-03 23:12:16.845300000,208.9,0.1,b,l
660,2013-11-03 23:12:52.043500000,208.9,0.1,b,l
661,2013-11-03 23:13:59.801100000,208.9,0.1,b,l
662,2013-11-03 23:15:07.518100000,208.9,0.1,b,l
663,2013-11-03 23:15:43.138400000,208.9,0.1,b,l
664,2013-11-03 23:16:18.969100000,208.9,0.1,b,l
665,2013-11-03 23:17:25.800300000,208.9,0.1,b,l
666,2013-11-03 23:18:02.590000000,208.9,0.1,b,l
667,2013-11-03 23:18:37.898200000,208.9,0.05849602,b,l
668,2013-11-03 23:18:37.906600000,209.46125,0.01474261,b,l
669,2013-11-03 23:35:06.287600000,209.04441,0.02169177,s,l
670,2013-11-03 23:42:19.363900000,209.45936,0.01474248,b,l
671,2013-11-03 23:58:02.351700000,209.748,0.1,b,l
672,2013-11-04 00:07:52.073000000,209.748,0.1,b,l
673,2013-11-04 00:09:55.798200000,209.98398999999998,0.09819566,b,l
674,2013-11-04 00:14:04.838800000,210.08774,0.0147867,b,l
675,2013-11-04 00:14:04.848100000,210.37,0.0852133,b,l
676,2013-11-04 00:14:41.688300000,210.37,0.041,b,l
677,2013-11-04 00:15:53.499500000,210.37,0.041,b,l
678,2013-11-04 00:16:29.774300000,210.37,0.1,b,l
679,2013-11-04 00:16:53.569500000,210.71801000000002,0.01483106,b,l
680,2013-11-04 00:16:59.557200000,211.116,0.1,b,l
681,2013-11-04 00:21:26.625000000,211.35016000000002,0.01487556,b,l
682,2013-11-04 00:24:47.995800000,210.92956,0.02169177,s,l
683,2013-11-04 00:38:37.032900000,211.048,0.1,b,l
684,2013-11-04 00:38:42.532200000,211.34826,0.01487542,b,l
685,2013-11-04 00:38:47.789900000,211.47,0.08512458,s,l
686,2013-11-04 00:38:47.798100000,211.3,0.01487542,s,l
687,2013-11-04 00:41:40.202300000,211.3,0.1,s,l
688,2013-11-04 00:42:48.694800000,211.3,0.1,s,l
689,2013-11-04 00:43:23.745700000,211.3,0.1,s,l
690,2013-11-04 01:07:41.190300000,211.64,0.1,b,l
691,2013-11-04 01:10:47.184700000,211.71399,0.1,b,l
692,2013-11-04 01:11:07.674100000,211.97,0.1,s,l
693,2013-11-04 01:16:18.602700000,211.9823,0.01492005,b,l
694,2013-11-04 01:20:27.627100000,212.2,0.0407,b,l
695,2013-11-04 01:21:06.029300000,212.2,0.0407,b,l
696,2013-11-04 01:22:13.215700000,212.2,0.0407,b,l
697,2013-11-04 01:22:50.728700000,212.2,0.0407,b,l
698,2013-11-04 01:23:27.619900000,212.2,0.0407,b,l
699,2013-11-04 01:26:17.858400000,212.2,0.1,b,l
700,2013-11-04 01:39:37.729200000,212.2,0.1,b,l
701,2013-11-04 01:40:12.260200000,212.2,0.1,b,l
702,2013-11-04 01:43:47.872900000,212.2,0.07765363,b,l
703,2013-11-04 01:43:47.888000000,212.2,0.02234637,b,l
704,2013-11-04 01:44:23.822000000,212.2,0.1,b,l
705,2013-11-04 01:45:35.264600000,212.2,0.1,b,l
706,2013-11-04 01:56:54.056700000,212.2,0.1,b,l
707,2013-11-04 02:16:18.255699999,212.61825,0.01496481,b,l
708,2013-11-04 02:16:23.157300000,212.766,0.1,b,l
709,2013-11-04 02:31:21.302600000,212.816,0.1,b,l
710,2013-11-04 02:47:25.224500000,212.19512999999998,0.02169177,s,l
711,2013-11-04 02:56:23.953800000,211.55854,0.01,s,l
712,2013-11-04 02:59:40.766200000,211.55854,0.01169177,s,l
713,2013-11-04 03:18:11.772400000,211.54,0.1,s,l
714,2013-11-04 03:28:17.478800000,211.37,0.1,s,l
715,2013-11-04 03:32:17.438300000,211.37,0.1,s,l
716,2013-11-04 03:32:51.909800000,211.37,0.1,s,l
717,2013-11-04 03:34:01.133700000,211.37,0.1,s,l
718,2013-11-04 03:35:38.972000000,211.37,0.1,s,l
719,2013-11-04 03:36:15.913900000,211.37,0.1,s,l
720,2013-11-04 03:37:23.348700000,211.0701,0.1,s,l
721,2013-11-04 03:44:04.471300000,210.92387000000002,0.02169177,s,l
722,2013-11-04 03:45:17.583300000,210.2911,0.02169177,s,l
723,2013-11-04 03:48:42.754700000,209.97,0.1,s,l
724,2013-11-04 03:58:24.308200000,210.70852000000002,0.0148304,b,l
725,2013-11-04 04:01:03.020500000,210.2892,0.02169177,s,l
726,2013-11-04 04:02:31.975100000,209.87,0.1,s,l
727,2013-11-04 04:03:48.838800000,210.02,0.32,b,l
728,2013-11-04 04:13:09.465500000,209.7,0.1,s,l
729,2013-11-04 04:13:23.989400000,209.65833999999998,0.02169177,s,l
730,2013-11-04 04:13:23.998000000,209.4001,0.97830823,s,l
731,2013-11-04 04:13:43.942900000,209.4001,0.1,s,l
732,2013-11-04 04:25:49.635300000,210.07451,0.01478577,b,l
733,2013-11-04 04:25:49.651600000,210.70316,0.02957155,b,l
734,2013-11-04 04:42:30.035700000,210.28354,0.02169177,s,l
735,2013-11-04 04:51:22.339900000,210.70095,0.01482986,b,l
736,2013-11-04 06:00:20.401800000,210.81999,0.1,s,l
737,2013-11-04 06:20:29.672000000,210.45199,0.1,b,l
738,2013-11-04 06:26:37.772100000,210.3701,0.1,s,l
739,2013-11-04 06:29:24.746100000,210.28163999999998,0.02169177,s,l
740,2013-11-04 06:57:32.272500000,210.69905,0.01482973,b,l
741,2013-11-04 06:57:32.280100000,210.75,0.1,b,l
742,2013-11-04 06:57:52.931600000,210.95,0.1,s,l
743,2013-11-04 07:10:43.480600000,210.78,0.1,s,l
744,2013-11-04 07:17:06.269400000,210.78,0.1,s,l
745,2013-11-04 07:17:40.547900000,210.78,0.1,s,l
746,2013-11-04 07:18:16.737100000,210.78,0.1,s,l
747,2013-11-04 07:18:51.042100000,210.78,0.1,s,l
748,2013-11-04 07:31:54.444200000,210.78,0.1,s,l
749,2013-11-04 07:36:14.943800000,210.78,0.1,s,l
750,2013-11-04 07:41:04.075000000,210.78,0.1,s,l
751,2013-11-04 07:55:25.631400000,211.09,0.01738442,b,l
752,2013-11-04 07:57:14.077200000,211.09,0.1,b,l
753,2013-11-04 07:57:48.285000000,211.09,0.1,b,l
754,2013-11-04 07:58:55.036200000,211.09,0.0107565,b,l
755,2013-11-04 07:58:55.875600000,211.20498999999998,0.01076107,s,l
756,2013-11-04 07:59:35.225500000,211.09,0.1,b,l
757,2013-11-04 08:00:09.112400000,211.09,0.1,b,l
758,2013-11-04 08:00:44.095400000,211.09,0.01074988,b,l
759,2013-11-04 08:00:44.952800000,211.09,0.01075547,b,l
760,2013-11-04 08:00:45.763400000,211.09,0.0107565,b,l
761,2013-11-04 08:00:46.065100000,211.155,0.02152215,s,l
762,2013-11-04 08:01:25.934000000,211.09,0.1,b,l
763,2013-11-04 08:02:02.110900000,211.09,0.01074988,b,l
764,2013-11-04 08:02:02.807400000,211.25,0.01075547,s,l
765,2013-11-04 08:02:03.085700000,211.21,0.0107565,s,l
766,2013-11-04 08:02:42.340600000,211.09,0.01075547,b,l
767,2013-11-04 08:02:43.152000000,211.09,0.0107565,b,l
768,2013-11-04 08:02:43.458500000,211.245,0.02152215,s,l
769,2013-11-04 08:03:20.327800000,211.09,0.1,b,l
770,2013-11-04 08:07:03.408200000,211.09,0.1,b,l
771,2013-11-04 08:07:41.340400000,211.09,0.1,b,l
772,2013-11-04 08:12:30.889000000,211.09,0.03201804,b,l
773,2013-11-04 08:12:30.897500000,211.33115,0.01487422,b,l
774,2013-11-04 08:47:45.896100000,211.96514,0.01491884,b,l
775,2013-11-04 08:55:22.222500000,211.54332000000002,0.02169177,s,l
776,2013-11-04 09:22:46.682200000,211.96323999999998,0.01491871,b,l
777,2013-11-04 09:54:45.365900000,212.402,0.1,b,l
778,2013-11-04 09:57:11.514300000,212.59912999999997,0.01496346,b,l
779,2013-11-04 09:59:02.981700000,212.8,0.1,b,l
780,2013-11-04 10:01:23.285400000,213.21842999999998,1.0,b,l
781,2013-11-04 10:01:28.539800000,213.21842999999998,0.1,b,l
782,2013-11-04 10:01:39.937600000,213.1,0.1,s,l
783,2013-11-04 10:01:53.307400000,213.21842999999998,0.04039999,b,l
784,2013-11-04 10:01:53.595800000,213.21842999999998,0.01065074,b,l
785,2013-11-04 10:02:32.562100000,213.21842999999998,0.04039999,b,l
786,2013-11-04 10:03:42.926300000,213.21842999999998,0.04039999,b,l
787,2013-11-04 10:03:43.227700000,213.21842999999998,0.01065074,b,l
788,2013-11-04 10:04:51.388000000,213.21842999999998,0.04039999,b,l
789,2013-11-04 10:04:52.192200000,213.21842999999998,0.01065074,b,l
790,2013-11-04 10:05:28.847600000,213.21842999999998,0.04039999,b,l
791,2013-11-04 10:05:29.143600000,213.21842999999998,0.01065074,b,l
792,2013-11-04 10:06:37.499300000,213.21842999999998,0.04039999,b,l
793,2013-11-04 10:06:37.797900000,213.21842999999998,0.01065074,b,l
794,2013-11-04 10:07:46.506300000,213.21842999999998,0.04039999,b,l
795,2013-11-04 10:07:47.355300000,213.23498999999998,0.01065074,s,l
796,2013-11-04 10:09:36.159200000,213.21842999999998,0.04039999,b,l
797,2013-11-04 10:10:13.043200000,213.21842999999998,0.04039999,b,l
798,2013-11-04 10:10:47.544300000,213.21842999999998,0.04039999,b,l
799,2013-11-04 10:11:12.995800000,213.21842999999998,1.0,b,l
800,2013-11-04 10:11:14.245700000,213.21842999999998,1.0,b,l
801,2013-11-04 10:11:15.753500000,213.21842999999998,0.27580003,b,l
802,2013-11-04 10:11:15.761500000,213.23692000000003,0.01500835,b,l
803,2013-11-04 10:11:19.447700000,213.73199,0.1,b,l
804,2013-11-04 10:11:26.051200000,213.38499,0.04039999,s,l
805,2013-11-04 10:11:26.058600000,213.34,1.70919162,s,l
806,2013-11-04 10:14:15.993200000,213.87662999999998,0.01062736,b,l
807,2013-11-04 10:14:51.596300000,213.87662999999998,0.00442602,b,l
808,2013-11-04 10:15:27.311300000,213.98,0.01061842,b,l
809,2013-11-04 10:16:35.306800000,213.98,0.1,b,l
810,2013-11-04 10:18:14.123300000,213.98,0.1,b,l
811,2013-11-04 10:18:50.147900000,213.98,0.01060408,b,l
812,2013-11-04 10:18:50.445600000,214.04,0.08939592,s,l
813,2013-11-04 10:19:24.349100000,213.98,0.1,b,l
814,2013-11-04 10:20:31.394800000,213.98,0.1,b,l
815,2013-11-04 10:21:05.862300000,213.98,0.1,b,l
816,2013-11-04 10:23:14.767000000,213.98,0.1,b,l
817,2013-11-04 10:23:50.524700000,213.98,0.1,b,l
818,2013-11-04 10:25:29.507800000,213.98,0.1,b,l
819,2013-11-04 10:26:05.202100000,213.98,0.08938158,b,l
820,2013-11-04 10:26:40.700900000,214.42504,0.1,b,l
821,2013-11-04 10:30:05.208800000,214.42504,0.1,b,l
822,2013-11-04 10:33:34.815200000,214.42504,0.1,b,l
823,2013-11-04 10:50:01.635100000,214.51826,0.01509854,b,l
824,2013-11-04 10:52:44.983800000,214.09136,0.01054323,s,l
825,2013-11-04 10:52:45.808700000,214.02598999999998,0.01114854,b,l
826,2013-11-04 10:57:15.940400000,213.95199,0.1,b,l
827,2013-11-04 10:57:35.865300000,214.66,0.1,s,l
828,2013-11-04 10:58:12.281100000,214.49,0.1,s,l
829,2013-11-04 10:58:47.334300000,214.49,0.1,s,l
830,2013-11-04 10:59:37.801800000,214.49,0.04039999,s,l
831,2013-11-04 10:59:38.091000000,214.49,0.0596,s,l
832,2013-11-04 11:00:13.410600000,214.49,0.04039999,s,l
833,2013-11-04 11:00:14.231200000,214.49,0.0596,s,l
834,2013-11-04 11:14:50.763900000,214.8,0.1,b,l
835,2013-11-04 11:19:34.184100000,214.8,0.1,b,l
836,2013-11-04 11:25:11.486000000,214.8,0.1,b,l
837,2013-11-04 11:26:19.579000000,214.8,0.01058335,b,l
838,2013-11-04 11:26:20.469800000,214.88499,0.08941664,s,l
839,2013-11-04 11:27:28.642800000,214.8,0.1,b,l
840,2013-11-04 11:28:04.225000000,214.8,0.1,b,l
841,2013-11-04 11:28:25.721500000,215.16182,0.01514384,b,l
842,2013-11-04 12:36:59.179600000,215.8057,0.03028768,b,l
843,2013-11-04 12:36:59.197900000,215.91,0.06971232,b,l
844,2013-11-04 12:37:34.298500000,215.8073,0.01518927,b,l
845,2013-11-04 12:38:40.953100000,215.91,0.01052411,b,l
846,2013-11-04 12:39:18.625600000,215.91,0.1,b,l
847,2013-11-04 12:39:54.036100000,215.91,0.1,b,l
848,2013-11-04 12:40:28.619800000,215.91,0.1,b,l
849,2013-11-04 12:42:41.980400000,216.45472999999998,0.01523483,b,l
850,2013-11-04 12:49:38.323500000,216.81,0.1,b,l
851,2013-11-04 12:55:26.371900000,217.0,0.04752399,b,l
852,2013-11-04 12:55:26.379700000,217.012,0.04726767,b,l
853,2013-11-04 12:55:26.387500000,217.10408999999999,0.01528054,b,l
854,2013-11-04 13:01:07.018200000,217.62,0.1,s,l
855,2013-11-04 13:01:07.027200000,217.45,1.0,s,l
856,2013-11-04 13:01:07.034200000,217.15,0.8899278,s,l
857,2013-11-04 13:01:07.042200000,217.15,1.6100722,s,l
858,2013-11-04 13:02:46.033700000,217.15,0.1,s,l
859,2013-11-04 13:03:19.018100000,216.96999,0.06153292,b,l
860,2013-11-04 13:03:19.336900000,216.99,0.03846707,b,l
861,2013-11-04 13:03:53.115400000,216.99,0.1,b,l
862,2013-11-04 13:09:28.664700000,217.09,0.1,b,l
863,2013-11-04 13:47:07.122200000,217.48,0.1,b,l
864,2013-11-04 13:47:43.232300000,217.48,0.1,b,l
865,2013-11-04 13:50:27.932200000,217.48,0.1,b,l
866,2013-11-04 13:52:40.586400000,217.48,0.1,b,l
867,2013-11-04 13:53:17.305900000,217.48,0.1,b,l
868,2013-11-04 13:53:53.617700000,217.48,0.1,b,l
869,2013-11-04 13:54:30.257600000,217.48,0.1,b,l
870,2013-11-04 13:55:09.109100000,217.48,0.1,b,l
871,2013-11-04 13:56:17.291700000,217.48,0.1,b,l
872,2013-11-04 13:57:54.058900000,217.48,0.1,b,l
873,2013-11-04 14:04:41.367700000,217.7554,0.01532638,b,l
874,2013-11-04 14:39:21.808100000,218.14799,0.1,b,l
875,2013-11-04 14:39:21.816200000,218.40867000000003,0.01537236,b,l
876,2013-11-04 14:41:31.155200000,218.83373999999998,0.1,s,l
877,2013-11-04 14:44:14.166900000,218.83373999999998,0.1,s,l
878,2013-11-04 14:46:54.380600000,218.126,0.1,b,l
879,2013-11-04 14:54:58.585700000,218.85,1.0,b,l
880,2013-11-04 14:54:58.594200000,218.90956,0.1,b,l
881,2013-11-04 14:54:58.601900000,219.0639,0.01541848,b,l
882,2013-11-04 14:54:58.609000000,219.71945,0.03083696,b,l
883,2013-11-04 14:55:18.405100000,220.09817,0.1,s,l
884,2013-11-04 14:55:53.871900000,220.09817,0.01034058,s,l
885,2013-11-04 14:55:54.153200000,220.09817,0.08965942,s,l
886,2013-11-04 14:56:33.069000000,220.09817,0.01034058,s,l
887,2013-11-04 14:56:34.205500000,220.09817,0.08965942,s,l
888,2013-11-04 14:58:54.696000000,220.09817,0.1,s,l
889,2013-11-04 15:02:12.426600000,219.28187000000003,0.02169177,s,l
890,2013-11-04 15:07:10.385700000,219.56,0.419,b,l
891,2013-11-04 15:07:14.411400000,219.56,0.581,b,l
892,2013-11-04 15:07:14.418900000,219.59999,0.01031421,b,l
893,2013-11-04 15:07:14.425800000,219.61,0.01031374,b,l
894,2013-11-04 15:07:14.432700000,219.62,0.01031326,b,l
895,2013-11-04 15:07:14.439700000,219.62999,0.0103128,b,l
896,2013-11-04 15:07:14.446500000,219.63998999999998,0.01031232,b,l
897,2013-11-04 15:07:14.453300000,219.65,0.01031186,b,l
898,2013-11-04 15:07:14.460100000,219.65999,0.0103114,b,l
899,2013-11-04 15:07:14.467000000,219.66998999999998,0.01031092,b,l
900,2013-11-04 15:07:14.473800000,219.68999,0.01030998,b,l
901,2013-11-04 15:07:14.481400000,219.71714,0.01546446,b,l
902,2013-11-04 15:08:03.929500000,220.09727,0.1,s,l
903,2013-11-04 15:09:53.633900000,220.3763,0.01551085,b,l
904,2013-11-04 15:11:37.551200000,221.03742000000003,0.01555738,b,l
905,2013-11-04 15:11:37.560000000,221.07,0.08444262,b,l
906,2013-11-04 15:11:48.215500000,221.07,0.667,b,l
907,2013-11-04 15:12:13.478200000,221.07,0.1,b,l
908,2013-11-04 15:12:46.373500000,221.07,0.1,b,l
909,2013-11-04 15:14:20.172900000,221.70054,0.01560405,b,l
910,2013-11-04 15:15:43.969400000,222.36563999999998,0.01565087,b,l
911,2013-11-04 15:16:18.268400000,222.6,0.1,b,l
912,2013-11-04 15:21:44.325600000,223.03273,0.01569782,b,l
913,2013-11-04 15:23:52.926200000,222.58889,0.02169177,s,l
914,2013-11-04 15:23:52.934100000,222.50999,0.1,s,l
915,2013-11-04 15:26:29.196200000,223.03072999999998,0.01569768,b,l
916,2013-11-04 15:26:36.949600000,223.53712000000002,0.1,b,l
917,2013-11-04 15:27:52.882700000,222.58688999999998,0.02169177,s,l
918,2013-11-04 15:29:35.592800000,223.02872000000002,0.01569754,b,l
919,2013-11-04 15:41:22.907500000,223.69781,0.01574463,b,l
920,2013-11-04 15:43:10.494800000,224.14922,0.1,b,l
921,2013-11-04 15:43:48.334500000,224.14922,0.1,b,l
922,2013-11-04 15:44:46.055600000,224.14922,1.0,b,l
923,2013-11-04 15:44:47.576900000,224.14922,1.0,b,l
924,2013-11-04 15:44:49.094500000,224.14922,0.19,b,l
925,2013-11-04 15:44:49.101800000,224.3689,0.01579186,b,l
926,2013-11-04 15:44:53.025500000,224.64866,0.1,b,l
927,2013-11-04 15:45:11.950900000,224.5,1.79420814,s,l
928,2013-11-04 15:45:11.957600000,224.40354,0.1,s,l
929,2013-11-04 15:45:49.201600000,224.1422,0.1,b,l
930,2013-11-04 15:46:25.590100000,224.1422,0.1,b,l
931,2013-11-04 15:46:59.708600000,224.1422,0.1,b,l
932,2013-11-04 15:53:07.577900000,223.92238999999998,0.02169177,s,l
933,2013-11-04 15:55:10.136000000,223.81,0.1,s,l
934,2013-11-04 15:58:05.375000000,223.34,0.1,s,l
935,2013-11-04 16:02:27.763200000,223.25062999999997,0.02169177,s,l
936,2013-11-04 16:02:27.771300000,222.5792,0.04351442,s,l
937,2013-11-04 16:03:09.821900000,222.07,0.1,s,l
938,2013-11-04 16:03:50.955700000,221.91112,0.02169177,s,l
939,2013-11-04 16:04:27.681100000,221.37939,1.0,s,l
940,2013-11-04 16:04:35.793400000,221.37939,0.1,s,l
941,2013-11-04 16:04:54.587300000,221.24539,0.02169177,s,l
942,2013-11-04 16:04:54.594900000,220.57998999999998,0.04351442,s,l
943,2013-11-04 16:04:54.601900000,219.9146,0.06546913,s,l
944,2013-11-04 16:04:54.608900000,219.3818,0.01036399,s,l
945,2013-11-04 16:04:54.615700000,219.36656000000002,0.02072892,s,l
946,2013-11-04 16:04:54.622400000,219.35133,0.01036492,s,l
947,2013-11-04 16:04:54.629400000,219.32087,0.01036587,s,l
948,2013-11-04 16:04:54.636400000,219.30562999999998,0.01036634,s,l
949,2013-11-04 16:04:54.643200000,219.2904,0.01036682,s,l
950,2013-11-04 16:04:54.650000000,219.27517000000003,0.01036728,s,l
951,2013-11-04 16:04:54.656800000,219.2492,0.0875571,s,l
952,2013-11-04 16:04:54.663700000,219.2447,0.01036824,s,l
953,2013-11-04 16:04:54.671500000,218.83258999999998,0.6884752,s,l
954,2013-11-04 16:04:58.089400000,219.6834,0.01546208,b,l
955,2013-11-04 16:05:10.978300000,220.0903,0.1,s,l
956,2013-11-04 16:05:49.940100000,219.24622000000002,0.02169177,s,l
957,2013-11-04 16:06:03.662500000,218.83258999999998,1.0,s,l
958,2013-11-04 16:08:21.251500000,218.83258999999998,0.1,s,l
959,2013-11-04 16:08:22.029600000,218.83258999999998,1.0,s,l
960,2013-11-04 16:08:58.307600000,218.83258999999998,0.1,s,l
961,2013-11-04 16:09:36.810900000,218.83258999999998,0.1,s,l
962,2013-11-04 16:10:14.342800000,218.58847999999998,0.02169177,s,l
963,2013-11-04 16:10:14.351800000,218.0,0.07830823,s,l
964,2013-11-04 16:10:24.546000000,217.93271000000001,0.02169177,s,l
965,2013-11-04 16:10:24.554900000,217.57332999999997,0.97830823,s,l
966,2013-11-04 16:15:43.266400000,218.36531000000002,0.01536931,b,l
967,2013-11-04 16:16:15.837900000,219.02041,0.01541542,b,l
968,2013-11-04 16:16:17.103800000,219.65,0.1,b,l
969,2013-11-04 16:16:17.110500000,219.67747000000003,0.01546166,b,l
970,2013-11-04 16:16:54.989500000,220.03,0.1,s,l
971,2013-11-04 16:16:54.997400000,219.97,0.1,s,l
972,2013-11-04 16:16:55.004400000,219.8,0.88453834,s,l
973,2013-11-04 16:16:55.011300000,219.5,0.98458458,s,l
974,2013-11-04 16:16:55.018900000,219.5,0.30487708,s,l
975,2013-11-04 16:17:15.057700000,219.87,0.1,s,l
976,2013-11-04 16:17:18.774800000,219.12075,1.0,b,l
977,2013-11-04 16:17:20.017200000,219.49,1.0,s,l
978,2013-11-04 16:17:21.249100000,219.19,0.284,s,l
979,2013-11-04 16:17:39.755800000,220.33486000000002,0.03092333,b,l
980,2013-11-04 16:17:39.763400000,220.36517999999998,0.06907667,b,l
981,2013-11-04 16:17:43.609000000,220.36517999999998,1.0,b,l
982,2013-11-04 16:17:47.251900000,220.31,1.0,s,l
983,2013-11-04 16:17:47.260200000,220.31,1.322,s,l
984,2013-11-04 16:17:47.309100000,220.36517999999998,0.1,b,l
985,2013-11-04 16:18:17.881700000,220.36517999999998,0.1,b,l
986,2013-11-04 16:18:19.266200000,220.31,0.678,s,l
987,2013-11-04 16:18:19.273400000,219.89605,0.02169177,s,l
988,2013-11-04 16:18:19.281200000,219.81,1.61130823,s,l
989,2013-11-04 16:18:30.144400000,220.33254,0.01550777,b,l
990,2013-11-04 16:18:30.152600000,220.36517999999998,0.98449223,b,l
991,2013-11-04 16:18:31.401200000,220.36517999999998,1.0,b,l
992,2013-11-04 16:18:32.642700000,220.5,0.35850777,s,l
993,2013-11-04 16:18:47.392000000,220.97,0.1,s,l
994,2013-11-04 16:18:47.400200000,220.5,1.502,s,l
995,2013-11-04 16:18:55.648400000,220.36266,0.13949223,b,l
996,2013-11-04 16:18:56.399200000,220.36266,0.1,b,l
997,2013-11-04 16:18:59.643100000,220.36266,1.0,b,l
998,2013-11-04 16:19:01.152400000,220.36266,1.0,b,l
999,2013-11-04 16:19:02.406600000,220.36266,0.11850777,b,l
0,2013-11-04 16:19:02.414000000,220.99354,0.01555429,b,l
1,2013-11-04 16:19:04.880400000,221.25,0.02,b,l
2,2013-11-04 16:19:04.888600000,221.61718,0.08,b,l
3,2013-11-04 16:19:35.130300000,221.61718,0.1,b,l
4,2013-11-04 16:23:57.632800000,220.77042000000003,0.1,b,l
5,2013-11-04 16:31:07.285700000,221.65652000000003,0.01560096,b,l
6,2013-11-04 16:33:13.889100000,221.89,0.1,b,l
7,2013-11-04 16:45:38.220000000,221.21542000000002,0.02047088,s,l
8,2013-11-04 16:45:38.750500000,221.21249,0.00122089,b,l
9,2013-11-04 17:08:17.533000000,222.05236000000002,0.06477319,b,l
10,2013-11-04 17:08:17.542000000,222.1,0.03522681,b,l
11,2013-11-04 17:09:34.318800000,222.27,0.1,s,l
12,2013-11-04 17:13:37.948900000,222.1,0.1,s,l
13,2013-11-04 17:19:57.441100000,222.71852,0.06496751,b,l
14,2013-11-04 17:24:45.971600000,222.83,0.1,b,l
15,2013-11-04 17:25:21.718200000,222.83,0.1,b,l
16,2013-11-04 17:25:59.539800000,222.83,0.1,b,l
17,2013-11-04 17:29:22.312400000,223.38667999999998,0.06516242,b,l
18,2013-11-04 17:34:48.555900000,224.0,0.1,b,l
19,2013-11-04 17:36:03.316600000,224.0,0.1,b,l
20,2013-11-04 17:38:14.055600000,223.67,0.1,s,l
21,2013-11-04 17:38:56.320400000,224.05684,0.0653579,b,l
22,2013-11-04 17:38:57.834900000,224.86,0.06555398,s,l
23,2013-11-04 17:43:46.195700000,223.61095,0.08990091,s,l
24,2013-11-04 17:43:47.677200000,223.4,0.08990091,b,l
25,2013-11-04 17:43:50.957900000,223.4,0.1,b,l
26,2013-11-04 18:02:37.396400000,224.72901000000002,0.06555398,b,l
27,2013-11-04 18:02:38.743300000,225.24,0.03444602,s,l
28,2013-11-04 18:26:25.802700000,224.72901000000002,0.03110796,b,l
29,2013-11-04 18:26:34.332600000,225.22399,0.1,b,l
30,2013-11-04 18:34:21.683600000,225.08199,0.1,b,l
31,2013-11-04 18:34:22.928800000,225.40319,0.06575064,b,l
32,2013-11-04 18:38:00.231800000,224.95462999999998,0.08990091,s,l
33,2013-11-04 18:41:24.220600000,225.40117,0.06575005,b,l
34,2013-11-04 18:41:24.237900000,226.07568999999998,0.03424995,b,l
35,2013-11-04 18:42:29.035500000,225.22,0.09715,s,l
36,2013-11-04 18:43:13.201600000,226.032,0.1,b,l
37,2013-11-04 18:43:13.209500000,226.07737000000003,0.0659473,b,l
38,2013-11-04 18:43:13.218200000,226.67622000000003,0.8340527,b,l
39,2013-11-04 18:43:14.737100000,226.67622000000003,1.0,b,l
40,2013-11-04 18:43:18.710700000,226.67622000000003,0.5449473,b,l
41,2013-11-04 18:43:18.717100000,226.7556,0.06614514,b,l
42,2013-11-04 18:43:19.614700000,226.978,0.1,b,l
43,2013-11-04 18:43:21.201500000,227.43587000000002,0.06634357,b,l
44,2013-11-04 18:43:30.526900000,227.47,0.03365643,s,l
45,2013-11-04 18:43:30.534900000,227.0,0.41734357,s,l
46,2013-11-04 18:43:53.887400000,226.98326,0.08990091,s,l
47,2013-11-04 18:47:04.623400000,227.4,0.1,s,l
48,2013-11-04 18:49:38.042300000,226.30231,0.08990091,s,l
49,2013-11-04 18:49:38.050400000,225.74511,0.1,s,l
50,2013-11-04 18:49:38.057500000,225.62171,0.09017211,s,l
51,2013-11-04 18:57:43.528300000,226.06922000000003,0.06594492,b,l
52,2013-11-04 18:58:46.459400000,226.17,0.03405508,s,l
53,2013-11-04 19:06:02.991500000,225.61933,0.08990091,s,l
54,2013-11-04 19:13:08.467000000,225.77398,0.1,b,l
55,2013-11-04 19:13:09.979400000,226.06717999999998,0.06594433,b,l
56,2013-11-04 19:18:17.767900000,226.49,0.1,b,l
57,2013-11-04 19:19:32.440700000,226.49,0.1,b,l
58,2013-11-04 19:27:02.173700000,225.6173,0.08990091,s,l
59,2013-11-04 19:30:20.397800000,226.06515,0.06594373,b,l
60,2013-11-04 19:30:20.406500000,226.3,0.1,b,l
61,2013-11-04 19:34:45.808000000,226.74334,0.06614156,b,l
62,2013-11-04 19:39:23.827300000,226.47,0.1,s,l
63,2013-11-04 19:39:39.086700000,226.29211,0.08990091,s,l
64,2013-11-04 19:40:23.421300000,226.61157999999998,0.1,b,l
65,2013-11-04 19:40:23.429000000,226.7413,0.06614097,b,l
66,2013-11-04 19:44:06.636700000,226.29008,0.08990091,s,l
67,2013-11-04 19:44:06.645500000,225.60951,0.01009909,s,l
68,2013-11-04 19:50:32.849300000,226.73926,0.06614037,b,l
69,2013-11-04 19:53:44.402500000,226.99,0.1,b,l
70,2013-11-04 19:54:24.683900000,226.99,0.01001231,b,l
71,2013-11-04 19:54:25.342800000,227.0007,0.08998768,s,l
72,2013-11-04 19:55:00.543300000,226.99,0.01001231,b,l
73,2013-11-04 19:55:41.889400000,226.99,0.01001231,b,l
74,2013-11-04 19:56:26.432900000,226.99,0.1,b,l
75,2013-11-04 19:57:01.531599999,226.99,0.1,b,l
76,2013-11-04 20:04:08.449600000,226.28804,0.08990091,s,l
77,2013-11-04 20:11:43.150000000,225.60917999999998,0.08990091,s,l
78,2013-11-04 20:27:09.987300000,226.05701000000002,0.06594136,b,l
79,2013-11-04 20:27:11.513700000,226.15,0.1,b,l
80,2013-11-04 20:27:17.159900000,226.37,0.1,s,l
81,2013-11-04 20:27:57.166600000,226.54,0.1,s,l
82,2013-11-04 20:31:11.731700000,226.02,0.1,b,l
83,2013-11-04 20:34:59.088400000,226.02,0.1,b,l
84,2013-11-04 20:35:14.691100000,226.60369,0.1,b,l
85,2013-11-04 20:52:49.022900000,226.49662,0.1,b,l
86,2013-11-04 20:59:26.679700000,225.60715,0.08990091,s,l
87,2013-11-04 21:10:44.316500000,226.05497999999997,0.06594076,b,l
88,2013-11-04 21:14:56.139200000,226.57,0.1,s,l
89,2013-11-04 21:24:42.936700000,226.4,0.1,s,l
90,2013-11-04 21:25:49.929500000,225.60512000000003,0.08990091,s,l
91,2013-11-04 21:35:09.781300000,225.55,0.1,b,l
92,2013-11-04 21:39:20.850400000,225.55,0.1,b,l
93,2013-11-04 21:48:51.676600000,225.55,0.1,b,l
94,2013-11-04 21:49:27.720300000,225.55,0.1,b,l
95,2013-11-04 21:50:03.159300000,225.55,0.1,b,l
96,2013-11-04 22:22:19.024700000,224.9283,0.08990091,s,l
97,2013-11-04 22:33:25.940100000,224.68399,0.1,b,l
98,2013-11-04 22:36:41.397800000,224.78296,0.1,b,l
99,2013-11-04 22:37:19.287400000,225.37478,0.06574235,b,l
100,2013-11-04 22:40:04.904800000,225.97733,0.1,b,l
101,2013-11-04 22:40:16.621700000,226.05091000000002,0.06593958,b,l
102,2013-11-04 22:40:51.039200000,226.16499,0.03406042,s,l
103,2013-11-04 22:51:51.508000000,225.89346,0.1,b,l
104,2013-11-04 22:55:56.040700000,226.4,0.1,b,l
105,2013-11-04 22:56:34.956200000,226.4,0.01003483,b,l
106,2013-11-04 22:57:14.227300000,226.4,0.01003483,b,l
107,2013-11-04 22:57:52.700200000,226.12,0.1,s,l
108,2013-11-04 22:59:02.709000000,226.4,0.1,b,l
109,2013-11-04 23:04:22.608500000,226.4,0.1,b,l
110,2013-11-04 23:04:57.877800000,226.4,0.1,b,l
111,2013-11-04 23:05:35.792400000,226.4,0.1,b,l
112,2013-11-04 23:06:10.385200000,226.4,0.1,b,l
113,2013-11-04 23:06:48.126800000,226.4,0.01000527,b,l
114,2013-11-04 23:06:48.774500000,226.4,0.08999473,b,l
115,2013-11-04 23:07:26.951900000,226.4,0.1,b,l
116,2013-11-04 23:08:01.889800000,226.4,0.1,b,l
117,2013-11-04 23:09:41.230100000,226.4,0.01000175,b,l
118,2013-11-04 23:09:42.246400000,226.4,0.01000527,b,l
119,2013-11-04 23:09:42.632700000,226.4,0.01000746,b,l
120,2013-11-04 23:09:43.378800000,226.4,0.01000879,b,l
121,2013-11-04 23:09:44.149500000,226.4,0.03990707,b,l
122,2013-11-04 23:09:44.157800000,226.47,0.01007053,b,l
123,2013-11-04 23:10:19.734800000,226.47,0.01000175,b,l
124,2013-11-04 23:10:20.591500000,226.47,0.01000527,b,l
125,2013-11-04 23:10:20.870800000,226.47,0.01000746,b,l
126,2013-11-04 23:10:21.168700000,226.47,0.01000879,b,l
127,2013-11-04 23:10:22.985800000,226.47,0.05997672,b,l
128,2013-11-04 23:11:32.245600000,226.47,0.1,b,l
129,2013-11-04 23:12:42.503600000,226.47,0.1,b,l
130,2013-11-04 23:13:19.914100000,226.47,0.1,b,l
131,2013-11-04 23:14:25.802400000,226.47,0.1,b,l
132,2013-11-04 23:15:04.077500000,226.47,0.1,b,l
133,2013-11-04 23:15:41.142800000,226.47,0.1,b,l
134,2013-11-04 23:15:49.620500000,226.72906,0.0661374,b,l
135,2013-11-04 23:15:49.627800000,227.40756000000002,0.0661374,b,l
136,2013-11-04 23:18:19.886600000,228.08943,0.06653422,b,l
137,2013-11-04 23:18:19.895700000,228.20799,0.03346578,b,l
138,2013-11-04 23:27:47.317900000,228.7737,0.06673382,b,l
139,2013-11-04 23:27:47.325800000,228.854,0.0197739,b,l
140,2013-11-04 23:27:47.332800000,228.856,0.0802261,b,l
141,2013-11-04 23:27:47.339800000,229.45832000000001,0.06673382,b,l
142,2013-11-04 23:28:09.763600000,229.97,0.1,s,l
143,2013-11-04 23:29:22.469700000,229.84999,0.1,s,l
144,2013-11-04 23:29:22.478000000,229.8,0.9,s,l
145,2013-11-04 23:29:54.892500000,229.8,0.1,s,l
146,2013-11-04 23:30:30.448400000,229.5,0.1,s,l
147,2013-11-04 23:31:05.205100000,229.5,0.1,s,l
148,2013-11-04 23:32:14.325400000,229.23998999999998,0.1,b,l
149,2013-11-04 23:32:15.847400000,229.58199,0.1,b,l
150,2013-11-04 23:34:00.092100000,229.00134,0.08990091,s,l
151,2013-11-04 23:55:33.202600000,228.31432999999998,0.08990091,s,l
152,2013-11-04 23:59:51.261000000,227.62939,0.08990091,s,l
153,2013-11-04 23:59:51.269000000,226.9448,0.09017211,s,l
154,2013-11-04 23:59:51.277900000,226.9001,0.81992698,s,l
155,2013-11-04 23:59:52.525400000,226.9001,1.0,s,l
156,2013-11-05 00:05:52.950600000,227.39493,0.06633163,b,l
157,2013-11-05 00:05:52.959200000,228.07542,0.03366837,b,l
158,2013-11-05 00:17:12.786800000,228.07712,0.06653063,b,l
159,2013-11-05 00:17:12.794700000,228.264,0.1,b,l
160,2013-11-05 00:17:20.402300000,228.76135,0.06673022,b,l
161,2013-11-05 00:18:11.097900000,228.3061,0.08990091,s,l
162,2013-11-05 00:21:00.522300000,228.20199,0.1,b,l
163,2013-11-05 00:25:42.392000000,228.75929,0.06672962,b,l
164,2013-11-05 00:25:42.398900000,229.334,0.1,b,l
165,2013-11-05 00:25:42.406100000,229.44386,0.06672962,b,l
166,2013-11-05 00:25:43.922200000,229.55,0.02953193,b,l
167,2013-11-05 00:25:43.929600000,229.556,0.01968539,b,l
168,2013-11-05 00:25:44.548100000,229.56,0.01140631,b,l
169,2013-11-05 00:31:16.662000000,228.98691000000002,0.08990091,s,l
170,2013-11-05 00:35:05.164800000,229.352,0.1,b,l
171,2013-11-05 00:35:06.694800000,229.44145,0.06692861,b,l
172,2013-11-05 00:35:11.525599999,229.68,0.1,s,l
173,2013-11-05 00:46:04.367500000,228.98485,0.08990091,s,l
174,2013-11-05 00:55:46.871100000,228.2979,0.08990091,s,l
175,2013-11-05 01:03:31.970400000,227.67,0.1,s,l
176,2013-11-05 01:05:59.167500000,227.613,0.08990091,s,l
177,2013-11-05 01:09:31.718200000,226.93016,0.08990091,s,l
178,2013-11-05 01:09:51.531800000,226.48901,0.1,b,l
179,2013-11-05 01:12:32.793200000,226.43,0.07340017,s,l
180,2013-11-05 01:13:29.398700000,227.38062000000002,0.06632746,b,l
181,2013-11-05 01:13:29.407200000,228.06106,0.03367254,b,l
182,2013-11-05 01:14:04.727900000,228.06276,0.06652644,b,l
183,2013-11-05 01:18:22.365200000,228.74695,0.06672602,b,l
184,2013-11-05 01:18:22.373800000,228.80962000000002,0.03327398,b,l
185,2013-11-05 01:54:58.143000000,229.43319,0.05291633,b,l
186,2013-11-05 01:54:58.952000000,229.43319,0.01400987,b,l
187,2013-11-05 01:57:20.029200000,230.12149,0.06712698,b,l
188,2013-11-05 01:57:20.038400000,230.24,0.03287302,b,l
189,2013-11-05 01:57:54.772000000,230.24,0.1,b,l
190,2013-11-05 01:58:29.781200000,230.24,0.1,b,l
191,2013-11-05 02:00:42.370700000,230.24,0.1,b,l
192,2013-11-05 02:07:39.466100000,230.40798999999998,0.1,b,l
193,2013-11-05 02:16:36.452200000,230.81185,0.03460921,b,l
194,2013-11-05 02:16:50.807300000,230.81185,0.03271915,b,m
195,2013-11-05 02:16:50.815800000,230.95999,0.02228085,b,m
196,2013-11-05 02:23:17.977100000,230.96,0.1,b,l
197,2013-11-05 02:23:52.839400000,230.96,0.1,b,l
198,2013-11-05 02:56:17.135100000,230.96,0.09502875,b,l
199,2013-11-05 02:59:05.932100000,230.96,0.1,b,l
200,2013-11-05 03:01:15.490500000,230.96,0.1,b,l
201,2013-11-05 03:02:22.436200000,231.50429,0.06753034,b,l
202,2013-11-05 03:04:02.591200000,231.57,0.1,s,l
203,2013-11-05 03:18:08.236400000,231.04359,0.08990091,s,l
204,2013-11-05 03:18:38.786300000,230.35045,0.08990091,s,l
205,2013-11-05 03:18:38.794100000,229.65767999999997,0.09017211,s,l
206,2013-11-05 03:31:21.677500000,228.96835,0.08990091,s,l
207,2013-11-05 03:33:43.524300000,229.42285,0.06692318,b,l
208,2013-11-05 03:33:43.532900000,230.10941,0.03307682,b,l
209,2013-11-05 03:34:19.343700000,230.11112000000003,0.06712395,b,l
210,2013-11-05 03:50:58.299800000,229.65319,0.08990091,s,l
211,2013-11-05 04:08:39.465800000,229.42199,0.1,b,l
212,2013-11-05 05:04:51.184600000,228.96423,0.08990091,s,l
213,2013-11-05 05:04:51.192600000,228.27562000000003,0.09017211,s,l
214,2013-11-05 05:13:09.009200000,228.7284,0.06672061,b,l
215,2013-11-05 05:13:09.016900000,229.41287999999997,0.06672061,b,l
216,2013-11-05 05:13:09.024800000,229.448,0.01030548,b,l
217,2013-11-05 05:13:09.031800000,229.45799,0.01030324,b,l
218,2013-11-05 05:13:09.038800000,229.46799,0.010301,b,l
219,2013-11-05 05:13:09.045900000,229.47599,0.01029921,b,l
220,2013-11-05 05:13:09.052700000,229.48599,0.01029699,b,l
221,2013-11-05 05:13:09.059700000,229.49598999999998,0.01029476,b,l
222,2013-11-05 05:13:16.699400000,230.10077,0.06712093,b,l
223,2013-11-05 05:15:38.787000000,230.79107000000002,0.06732229,b,l
224,2013-11-05 05:25:00.671900000,230.33177999999998,0.08990091,s,l
225,2013-11-05 05:25:00.679500000,229.63906,0.09017211,s,l
226,2013-11-05 05:25:00.686700000,228.94634,0.09044494,s,l
227,2013-11-05 05:25:00.693700000,228.25362,0.09071943,s,l
228,2013-11-05 05:40:21.773600000,228.70564,0.06671397,b,l
229,2013-11-05 05:40:21.781500000,229.39005,0.06671397,b,l
230,2013-11-05 05:40:21.789800000,229.8,0.21183206,b,l
231,2013-11-05 05:48:13.650700000,228.93321,0.08990091,s,l
232,2013-11-05 05:58:52.802300000,228.24641,0.08990091,s,l
233,2013-11-05 06:03:56.202400000,227.56167000000002,0.08990091,s,l
234,2013-11-05 06:03:56.209800000,226.87727999999998,0.09017211,s,l
235,2013-11-05 06:17:52.958300000,227.32727999999997,0.0663119,b,l
236,2013-11-05 06:23:11.424300000,228.00926,0.06651083,b,l
237,2013-11-05 07:03:33.714400000,228.69329,0.06671037,b,l
238,2013-11-05 07:16:13.172400000,229.37937000000002,0.0669105,b,l
239,2013-11-05 07:27:21.096100000,230.06751,0.06711123,b,l
240,2013-11-05 07:27:22.337300000,230.75771,0.06731256,b,l
241,2013-11-05 08:09:46.743300000,229.60966000000002,0.08990091,s,l
242,2013-11-05 08:09:47.937100000,229.5,0.08990091,b,l
243,2013-11-05 08:55:07.010500000,228.91911000000002,0.09017211,s,l
244,2013-11-05 09:06:43.587600000,229.37317000000002,0.06690869,b,l
245,2013-11-05 09:38:00.973200000,228.9167,0.08990091,s,l
246,2013-11-05 09:43:42.090600000,229.3711,0.06690809,b,l
247,2013-11-05 10:58:55.237400000,230.05922,0.06710881,b,l
248,2013-11-05 10:58:55.245400000,230.74767999999997,0.06710881,b,l
249,2013-11-05 10:58:56.517599999,231.43957000000003,0.06751146,b,l
250,2013-11-05 11:10:59.583900000,232.13216,0.06751146,b,l
251,2013-11-05 11:10:59.591400000,232.82475,0.06751146,b,l
252,2013-11-05 11:17:59.766700000,233.52253,0.06811907,b,l
253,2013-11-05 11:51:49.826300000,234.22308999999998,0.06832342,b,l
254,2013-11-05 11:51:58.075200000,234.92576,0.06852839,b,l
255,2013-11-05 12:34:46.878400000,235.3,1.0,b,l
256,2013-11-05 12:34:46.887000000,235.4,1.0,b,l
257,2013-11-05 12:58:55.865000000,235.63054,0.06873398,b,l
258,2013-11-05 13:06:15.822300000,236.33742999999998,0.06894018,b,l
259,2013-11-05 13:06:17.058700000,237.04644,0.069147,b,l
260,2013-11-05 13:21:04.171800000,237.75582000000003,0.069147,b,l
261,2013-11-05 13:21:13.513300000,238.46872000000002,0.06956188,b,l
262,2013-11-05 14:49:45.787900000,239.18412999999998,0.06977057,b,l
263,2013-11-05 14:49:45.797000000,239.5,1.0,b,l
264,2013-11-05 14:49:45.804000000,239.6,1.0,b,l
265,2013-11-05 15:22:02.083600000,239.90167999999997,0.06997988,b,l
266,2013-11-05 15:22:02.091500000,240.6196,0.06997988,b,l
267,2013-11-05 15:22:02.098400000,241.33751,0.06997988,b,l
268,2013-11-05 15:22:02.105500000,242.05542999999997,0.06997988,b,l
269,2013-11-05 15:22:03.419700000,242.8,0.07081964,s,l
270,2013-11-05 15:48:54.488800000,243.50703,0.07081964,b,l
271,2013-11-05 15:56:08.384900000,244.23719,0.07124456,b,l
272,2013-11-05 16:03:46.579500000,244.66,0.1,s,l
273,2013-11-05 16:04:55.985900000,243.75114,0.08990091,s,l
274,2013-11-05 16:10:42.727100000,244.23498999999998,0.07124392,b,l
275,2013-11-05 16:15:18.391800000,243.74895,0.08990091,s,l
276,2013-11-05 16:22:29.611000000,244.23279,0.07124327,b,l
277,2013-11-05 16:22:29.620300000,244.264,0.02875673,b,l
278,2013-11-05 16:22:34.394600000,244.96549,0.02875673,b,l
279,2013-11-05 16:22:34.408500000,244.96549,0.04270027,b,l
280,2013-11-05 16:24:03.046900000,245.676,0.1,b,l
281,2013-11-05 16:24:03.054900000,245.70038,0.07167138,b,l
282,2013-11-05 16:27:11.020900000,246.43749,0.07188639,b,l
283,2013-11-05 16:31:21.942900000,246.16531,0.1,s,l
284,2013-11-05 16:31:57.267799999,246.34,0.1,s,l
285,2013-11-05 16:32:40.239100000,246.53708999999998,0.1,b,l
286,2013-11-05 16:32:57.662200000,247.07,0.1,s,l
287,2013-11-05 16:32:57.670800000,246.9,0.09,s,l
288,2013-11-05 16:34:23.637400000,247.1768,0.07210205,b,l
289,2013-11-05 16:44:07.240700000,246.9,0.1,s,l
290,2013-11-05 16:58:29.693100000,246.9,0.1,s,l
291,2013-11-05 16:59:03.496200000,246.9,0.1,s,l
292,2013-11-05 17:00:56.198500000,246.9,0.1,s,l
293,2013-11-05 17:01:32.753400000,246.6849,0.08990091,s,l
294,2013-11-05 17:01:32.763000000,246.17125,0.01009909,s,l
295,2013-11-05 17:03:52.564000000,246.17125,0.1,s,l
296,2013-11-05 17:04:59.850100000,245.94485,0.08990091,s,l
297,2013-11-05 17:04:59.859100000,245.38,0.01009909,s,l
298,2013-11-05 17:05:35.679800000,245.20701,0.08990091,s,l
299,2013-11-05 17:06:48.981600000,244.47138999999999,0.08990091,s,l
300,2013-11-05 17:06:48.990200000,243.73615,0.01009909,s,l
301,2013-11-05 17:07:23.744100000,243.73798,0.08990091,s,l
302,2013-11-05 17:07:23.753500000,243.32133,0.01009909,s,l
303,2013-11-05 17:09:17.750400000,243.32133,0.1,s,l
304,2013-11-05 17:09:53.099900000,243.32133,0.1,s,l
305,2013-11-05 17:11:06.412300000,243.32133,0.1,s,l
306,2013-11-05 17:11:41.796800000,243.32133,0.1,s,l
307,2013-11-05 17:12:17.563300000,243.32133,0.1,s,l
308,2013-11-05 17:12:53.984200000,243.32133,0.1,s,l
309,2013-11-05 17:14:02.916900000,243.32133,0.1,s,l
310,2013-11-05 17:14:39.195300000,243.32133,0.1,s,l
311,2013-11-05 17:16:26.304900000,244.2218,0.07124007,b,l
312,2013-11-05 17:26:17.150800000,243.73578999999998,0.08990091,s,l
313,2013-11-05 17:30:42.345700000,244.2196,0.07123943,b,l
314,2013-11-05 17:32:01.024200000,244.95226,0.07145315,b,l
315,2013-11-05 17:37:31.701700000,245.68712000000002,0.07166751,b,l
316,2013-11-05 17:45:03.797400000,245.19818999999998,0.08990091,s,l
317,2013-11-05 17:45:03.806400000,244.46075,0.01009909,s,l
318,2013-11-05 17:45:27.835300000,245.68491,0.07166686,b,l
319,2013-11-05 17:46:21.769800000,246.42,0.1,s,l
320,2013-11-05 17:47:32.382100000,246.42196,0.07188186,b,l
321,2013-11-05 17:52:42.178700000,247.16123,0.07209751,b,l
322,2013-11-05 18:03:11.628200000,247.90271,0.0723138,b,l
323,2013-11-05 18:09:59.302700000,248.64642,0.07253074,b,l
324,2013-11-05 18:11:51.202900000,249.39236,0.07274833,b,l
325,2013-11-05 18:21:50.830500000,250.14052999999998,0.07296658,b,l
326,2013-11-05 18:31:55.808200000,249.64274,0.08990091,s,l
327,2013-11-05 18:37:16.556100000,248.89381,0.08990091,s,l
328,2013-11-05 18:37:59.887800000,248.14712999999998,0.08990091,s,l
329,2013-11-05 18:39:18.776200000,247.97,0.1,s,l
330,2013-11-05 18:39:56.773500000,247.40268999999998,0.08990091,s,l
331,2013-11-05 18:41:58.599900000,246.66047999999998,0.08990091,s,l
332,2013-11-05 18:48:11.648900000,247.1501,0.07209426,b,l
333,2013-11-05 19:04:31.277400000,247.89155,0.07231055,b,l
334,2013-11-05 19:32:21.987600000,248.63522999999998,0.07252748,b,l
335,2013-11-05 19:32:21.996700000,249.37928,0.02747252,b,l
336,2013-11-05 19:44:29.242100000,248.14042999999998,0.08990091,s,l
337,2013-11-05 19:57:22.549300000,247.39601000000002,0.08990091,s,l
338,2013-11-05 19:57:22.558600000,246.65197,0.01009909,s,l
339,2013-11-05 19:58:03.296700000,246.65382000000002,0.08990091,s,l
340,2013-11-05 19:58:44.510700000,245.91386,0.08990091,s,l
341,2013-11-05 19:58:44.520000000,245.69,0.01009909,s,l
342,2013-11-05 20:02:51.036800000,245.57997000000003,0.1,b,m
343,2013-11-05 20:04:00.121200000,245.17612000000003,0.08990091,s,l
344,2013-11-05 20:04:40.298800000,244.44059,0.08990091,s,l
345,2013-11-05 20:04:40.307800000,243.70543999999998,0.01009909,s,l
346,2013-11-05 20:05:18.886100000,243.70727000000002,0.08990091,s,l
347,2013-11-05 20:05:18.894700000,242.97432,0.01009909,s,l
348,2013-11-05 20:05:57.004300000,242.97615,0.08990091,s,l
349,2013-11-05 20:05:57.013000000,242.2454,0.01009909,s,l
350,2013-11-05 20:06:24.103700000,242.24722000000003,0.08990091,s,l
351,2013-11-05 20:06:28.348000000,241.52048,0.08990091,s,l
352,2013-11-05 20:06:28.355500000,240.7941,0.09017211,s,l
353,2013-11-05 20:06:28.362600000,240.06772999999998,0.09044494,s,l
354,2013-11-05 20:06:28.370000000,239.88599,0.1,s,l
355,2013-11-05 20:06:32.330900000,239.34679,0.08990091,s,l
356,2013-11-05 20:06:32.338500000,238.62696,0.09017211,s,l
357,2013-11-05 20:06:32.345500000,237.90712000000002,0.09044494,s,l
358,2013-11-05 20:06:32.352400000,237.18729,0.09071943,s,l
359,2013-11-05 20:06:32.482100000,237.448,0.1,s,l
360,2013-11-05 20:07:11.945800000,236.47463,0.08990091,s,l
361,2013-11-05 20:07:11.954100000,235.76342999999997,0.01009909,s,l
362,2013-11-05 20:07:50.602700000,235.76521,0.08990091,s,l
363,2013-11-05 20:07:50.611500000,235.05614,0.01009909,s,l
364,2013-11-05 20:08:27.252600000,235.05791000000002,0.08990091,s,l
365,2013-11-05 20:08:27.261200000,234.35098,0.01009909,s,l
366,2013-11-05 20:09:04.057500000,234.35273999999998,0.08990091,s,l
367,2013-11-05 20:09:04.065400000,233.64792000000003,0.01009909,s,l
368,2013-11-05 20:09:40.806500000,233.64968,0.08990091,s,l
369,2013-11-05 20:09:40.815200000,232.94697999999997,0.01009909,s,l
370,2013-11-05 20:10:16.847900000,232.94872999999998,0.08990091,s,l
371,2013-11-05 20:10:16.856200000,232.24813999999998,0.01009909,s,l
372,2013-11-05 20:10:56.279000000,232.24989,0.08990091,s,l
373,2013-11-05 20:10:56.287600000,231.55139,0.01009909,s,l
374,2013-11-05 20:11:29.931700000,232.7109,0.06788231,b,l
375,2013-11-05 20:11:30.874500000,233.512,0.06808596,s,l
376,2013-11-05 20:11:50.605700000,234.10752000000002,0.06808596,b,l
377,2013-11-05 20:11:57.967800000,234.80948999999998,0.06849448,b,l
378,2013-11-05 20:11:57.976500000,234.92,0.03150552,b,l
379,2013-11-05 20:12:18.895200000,237.8,0.06869996,s,l
380,2013-11-05 20:12:18.934900000,237.8,0.06869996,s,l
381,2013-11-05 20:12:19.036500000,237.8,0.06869996,s,l
382,2013-11-05 20:12:19.055400000,236.92347999999998,0.06869996,b,l
383,2013-11-05 20:12:47.578500000,238.33305,0.06869996,b,l
384,2013-11-05 20:12:47.595200000,239.03784,0.03130004,b,l
385,2013-11-05 20:13:22.854000000,239.04663,0.06973046,b,l
386,2013-11-05 20:13:51.029500000,239.76377000000002,0.06993965,b,l
387,2013-11-05 20:13:59.626300000,240.48306000000002,0.07014947,b,l
388,2013-11-05 20:15:02.503200000,241.20451,0.07035992,b,l
389,2013-11-05 20:15:02.511100000,241.92632000000003,0.07035992,b,l
390,2013-11-05 20:15:05.020000000,242.65173,0.07078208,b,l
391,2013-11-05 20:15:05.027300000,242.77,0.1,b,l
392,2013-11-05 20:16:32.055300000,241.44451,0.08990091,s,l
393,2013-11-05 20:16:32.064299999,240.71837000000002,0.01009909,s,l
394,2013-11-05 20:22:13.695300000,241.44451,0.08990091,s,l
395,2013-11-05 20:26:28.646700000,240.72017999999997,0.08990091,s,l
396,2013-11-05 20:26:28.655600000,239.99621000000002,0.01009909,s,l
397,2013-11-05 20:27:04.093000000,239.99802000000003,0.08990091,s,l
398,2013-11-05 20:27:04.101800000,239.27622000000002,0.01009909,s,l
399,2013-11-05 20:27:39.485400000,239.27802000000003,0.08990091,s,l
400,2013-11-05 20:27:39.495000000,238.55839,0.01009909,s,l
401,2013-11-05 20:28:16.131500000,238.56018999999998,0.08990091,s,l
402,2013-11-05 20:28:16.140000000,237.84272,0.01009909,s,l
403,2013-11-05 20:28:52.390800000,237.84451,0.08990091,s,l
404,2013-11-05 20:28:52.399300000,237.12919,0.01009909,s,l
405,2013-11-05 20:29:27.192800000,237.13097000000002,0.08990091,s,l
406,2013-11-05 20:29:27.201400000,236.4178,0.01009909,s,l
407,2013-11-05 20:30:38.226100000,236.41957999999997,0.08990091,s,l
408,2013-11-05 20:30:38.234900000,235.70855,0.01009909,s,l
409,2013-11-05 20:31:14.390600000,235.71032000000002,0.08990091,s,l
410,2013-11-05 20:31:52.153900000,235.00319,0.08990091,s,l
411,2013-11-05 20:32:27.350200000,234.29817999999997,0.08990091,s,l
412,2013-11-05 20:35:37.033500000,233.59528999999998,0.08990091,s,l
413,2013-11-05 20:35:37.042300000,232.89275,0.01009909,s,l
414,2013-11-05 20:36:13.031700000,232.8945,0.08990091,s,l
415,2013-11-05 20:36:13.040800000,232.71,0.01009909,s,l
416,2013-11-05 20:36:53.371600000,232.71,0.05990091,s,l
417,2013-11-05 20:37:30.541200000,232.19582000000003,0.08990091,s,l
418,2013-11-05 20:38:05.210300000,232.65672999999998,0.06786651,b,l
419,2013-11-05 20:38:42.808500000,233.3547,0.06807011,b,l
420,2013-11-05 20:39:28.791600000,232.89031,0.08990091,s,l
421,2013-11-05 20:40:04.024900000,233.3526,0.0680695,b,l
422,2013-11-05 20:40:10.173700000,234.05265,0.06827371,b,l
423,2013-11-05 20:40:10.181000000,234.75307,0.06827371,b,l
424,2013-11-05 20:40:10.188100000,235.45347999999998,0.06827371,b,l
425,2013-11-05 20:41:25.591600000,234.98421000000002,0.08990091,s,l
426,2013-11-05 20:41:25.600400000,234.27749,0.01009909,s,l
427,2013-11-05 20:45:25.140700000,234.27925,0.08990091,s,l
428,2013-11-05 20:56:25.604800000,234.7443,0.06847546,b,l
429,2013-11-05 21:00:34.580900000,235.44852999999998,0.06868089,b,l
430,2013-11-05 21:00:41.668300000,236.15488,0.06888693,b,l
431,2013-11-05 21:01:38.543000000,236.86334,0.06909359,b,l
432,2013-11-05 21:02:47.976100000,237.57393,0.06930087,b,l
433,2013-11-05 21:03:11.588800000,238.28665,0.06950877,b,l
434,2013-11-05 21:03:11.596200000,238.99974,0.06950877,b,l
435,2013-11-05 21:03:11.603100000,239.71282000000002,0.06950877,b,l
436,2013-11-05 21:03:18.923800000,240.43122999999997,0.07013435,b,l
437,2013-11-05 21:12:01.789600000,241.15252999999998,0.07034476,b,l
438,2013-11-05 21:21:22.541900000,240.8,0.04,s,m
439,2013-11-05 21:59:11.395300000,239.97,0.06477317,s,l
440,2013-11-05 21:59:11.423000000,239.97,0.03522683,s,l
441,2013-11-05 21:59:11.430900000,239.8,0.02954634,s,l
442,2013-11-05 21:59:11.464100000,239.8,0.06477317,s,l
443,2013-11-05 21:59:11.483600000,222.05236000000002,0.06477317,b,l
444,2013-11-05 21:59:11.514599999,239.8,0.06477317,s,l
445,2013-11-05 21:59:11.548700000,239.8,0.06477317,s,l
446,2013-11-05 21:59:11.572500000,239.8,0.06477317,s,l
447,2013-11-05 21:59:11.600100000,239.8,0.06477317,s,l
448,2013-11-05 21:59:12.100100000,239.8,0.06632772,s,l
449,2013-11-05 21:59:12.119300000,230.10341,0.06632772,b,l
450,2013-11-05 21:59:12.138800000,239.8,0.06632772,s,l
451,2013-11-05 21:59:12.161600000,239.8,0.06632772,s,l
452,2013-11-05 21:59:12.207600000,239.8,0.06632772,s,l
453,2013-11-05 21:59:12.230200000,239.8,0.06632772,s,l
454,2013-11-05 21:59:12.253600000,239.8,0.06632772,s,l
455,2013-11-05 21:59:12.277000000,239.8,0.06632772,s,l
456,2013-11-05 22:23:53.798400000,240.5985,0.06477322,b,l
457,2013-11-05 22:23:53.806600000,241.3185,0.06477322,b,l
458,2013-11-05 22:23:53.813700000,242.0385,0.06477322,b,l
459,2013-11-05 22:23:59.292400000,242.76389,0.06535618,b,l
460,2013-11-05 22:33:45.610500000,243.49218,0.06555225,b,l
461,2013-11-05 22:48:08.046300000,243.49218,0.07,s,l
462,2013-11-05 22:54:21.892800000,244.22265,0.02501815,b,m
463,2013-11-05 23:17:11.119300000,244.22265,0.04073076,b,l
464,2013-11-05 23:23:28.122900000,244.95532000000003,0.06477328,b,l
465,2013-11-06 01:47:50.656400000,245.69019,0.0649676,b,l
466,2013-11-06 01:47:52.208500000,246.42726000000002,0.0651625,b,l
467,2013-11-06 02:04:40.703400000,247.1647,0.0651625,b,l
468,2013-11-06 02:10:31.062500000,247.90582,0.06555347,b,l
469,2013-11-06 02:26:15.447200000,248.64954,0.06575013,b,l
470,2013-11-06 02:26:15.454800000,249.39362999999997,0.06575013,b,l
471,2013-11-06 02:26:17.037000000,250.14144,0.06614463,b,l
472,2013-11-06 03:03:06.983500000,250.88998999999998,0.06614463,b,l
473,2013-11-06 03:03:08.235900000,251.63855,0.06614463,b,l
474,2013-11-06 03:03:08.481600000,251.8,0.0665415,s,l
475,2013-11-06 03:40:21.680500000,252.39532999999997,0.0665415,b,l
476,2013-11-06 03:40:21.688400000,253.14837999999997,0.0665415,b,l
477,2013-11-06 05:32:31.343600000,253.90707,0.06714038,b,l
478,2013-11-06 08:34:29.762500000,253.73215,0.237,b,l
479,2013-11-06 08:34:29.770800000,254.57401000000002,0.229,b,l
480,2013-11-06 08:34:29.779800000,255.29914,0.07161454,b,l
481,2013-11-06 08:34:29.786700000,255.41766,0.223,b,l
482,2013-11-06 08:34:29.793500000,256.06125,0.07161454,b,l
483,2013-11-06 08:34:29.800400000,256.26892000000004,0.231,b,l
484,2013-11-06 08:34:29.807300000,256.82335,0.07161454,b,l
485,2013-11-06 08:34:47.302600000,256.82335,0.228,s,l
486,2013-11-06 09:28:42.847500000,257.59682999999995,0.07225907,b,l
487,2013-11-06 09:34:49.809400000,258.36962,0.07247585,b,l
488,2013-11-06 10:35:47.836000000,259.14473,0.07269327,b,l
489,2013-11-06 10:39:46.599900000,259.92217,0.07291135,b,l
490,2013-11-06 10:39:46.607800000,260.69807000000003,0.07291135,b,l
491,2013-11-06 10:40:06.439200000,261.4817,0.07334882,b,l
492,2013-11-06 10:40:50.955700000,262.26614,0.07356887,b,l
493,2013-11-06 13:08:51.618000000,262.44802999999996,0.1,s,l
494,2013-11-06 13:10:29.407100000,260.44846,0.07378958,s,l
495,2013-11-06 13:10:29.415800000,259.81356,0.02621042,s,l
496,2013-11-06 13:16:06.235600000,262.26378,0.07356821,b,l
497,2013-11-06 13:20:08.659900000,263.05057,0.07378891,b,l
498,2013-11-06 13:20:08.667900000,263.83582,0.07378891,b,l
499,2013-11-06 13:37:46.114000000,264.62888,0.07423165,b,l
500,2013-11-06 13:38:06.333300000,265.42276,0.07445434,b,l
501,2013-11-06 13:39:51.042300000,266.21903,0.0746777,b,l
502,2013-11-06 13:40:47.426000000,267.01769,0.07490174,b,l
503,2013-11-06 13:40:59.575300000,267.81874,0.07512644,b,l
504,2013-11-06 13:40:59.582900000,268.61822,0.07512644,b,l
505,2013-11-06 13:41:59.876200000,269.42566,0.0755772,b,l
506,2013-11-06 14:09:49.415300000,267.55835,0.07580393,s,l
507,2013-11-06 14:17:28.407400000,267.43194,0.01,b,l
508,2013-11-06 14:22:06.046500000,266.75567,0.07557652,s,l
509,2013-11-06 14:22:06.054500000,265.95141,0.07557652,s,l
510,2013-11-06 14:22:06.061700000,265.14714,0.07557652,s,l
511,2013-11-06 14:22:06.069500000,265.10156,0.393,s,l
512,2013-11-06 14:22:06.076600000,264.34287,0.07557652,s,l
513,2013-11-06 14:22:06.084500000,264.21505,0.30469392,s,l
514,2013-11-06 14:22:08.597300000,264.21505,0.08230608,s,l
515,2013-11-06 14:22:08.606800000,264.0,0.91769392,s,l
516,2013-11-06 14:23:59.691800000,265.09267,0.398,s,l
517,2013-11-06 14:23:59.699800000,264.20872,0.4,s,l
518,2013-11-06 14:23:59.708100000,264.0,0.202,s,l
519,2013-11-06 14:24:00.955500000,264.0,1.0,s,l
520,2013-11-06 14:31:53.350800000,264.0,0.398,s,l
521,2013-11-06 14:32:17.463000000,263.9087,0.396,b,l
522,2013-11-06 14:33:18.961600000,264.0,0.93872826,s,l
523,2013-11-06 14:33:18.971500000,263.55461,0.06127174,s,l
524,2013-11-06 14:33:20.216400000,263.55461,0.01339786,s,l
525,2013-11-06 14:33:20.224200000,262.75999,0.0746696,s,l
526,2013-11-06 14:33:20.231500000,262.41206,0.394,s,l
527,2013-11-06 14:33:20.238700000,261.96537,0.0746696,s,l
528,2013-11-06 14:33:20.245800000,261.53384,0.391,s,l
529,2013-11-06 14:33:20.253800000,261.17075,0.05226294,s,l
530,2013-11-06 14:39:28.807000000,262.39645,0.394,s,l
531,2013-11-06 14:39:28.815100000,261.51965,0.394,s,l
532,2013-11-06 14:39:28.823300000,261.17075,0.02240666,s,l
533,2013-11-06 14:39:28.831700000,260.6413,0.18959334,s,l
534,2013-11-06 14:39:30.347600000,260.6413,0.19740666,s,l
535,2013-11-06 14:39:30.354300000,260.39195,0.07377357,s,l
536,2013-11-06 14:39:30.361600000,259.75288,0.399,s,l
537,2013-11-06 14:39:30.368700000,259.60687,0.07377357,s,l
538,2013-11-06 14:39:30.376700000,258.86747,0.2560462,s,l
539,2013-11-06 14:39:31.134500000,261.51808,0.07333092,s,l
540,2013-11-06 14:39:35.145500000,262.19827000000004,0.07333092,b,l
541,2013-11-06 14:40:03.603700000,262.9864,0.07377091,b,l
542,2013-11-06 14:40:25.196800000,262.39572999999996,0.384,s,l
543,2013-11-06 14:40:25.204800000,261.51808,0.31766908,s,l
544,2013-11-06 14:40:25.212200000,261.16372,0.07399222,s,l
545,2013-11-06 14:40:25.220300000,260.6413,0.2243387,s,l
546,2013-11-06 14:40:26.474700000,260.6413,0.1756613,s,l
547,2013-11-06 14:40:26.481400000,260.38023,0.07377025,s,l
548,2013-11-06 14:40:26.488700000,259.59519,0.07377025,s,l
549,2013-11-06 14:40:26.495800000,258.86747,0.39,s,l
550,2013-11-06 14:40:26.503000000,258.81014,0.07377025,s,l
551,2013-11-06 14:40:26.510100000,258.02509,0.07377025,s,l
552,2013-11-06 14:40:26.518100000,257.98648,0.1392577,s,l
553,2013-11-06 14:40:43.677100000,259.73346000000004,0.394,s,l
554,2013-11-06 14:40:43.684900000,258.8614,0.399,s,l
555,2013-11-06 14:40:43.867100000,260.60517999999996,0.207,s,l
556,2013-11-06 14:40:45.209000000,258.53,0.187,b,l
557,2013-11-06 14:40:47.957200000,261.48066,0.385,s,l
558,2013-11-06 14:41:04.181600000,258.85512,0.393,s,l
559,2013-11-06 14:41:08.325100000,258.53,0.035,b,l
560,2013-11-06 14:41:31.972300000,260.59379,0.387,s,l
561,2013-11-06 14:41:31.980200000,259.72376,0.358,s,l
562,2013-11-06 14:41:36.924000000,258.43,0.255,b,l
563,2013-11-06 14:41:36.932600000,258.53,0.129,b,l
564,2013-11-06 14:41:40.703300000,259.72842,0.38,s,l
565,2013-11-06 14:41:44.699400000,260.59925,0.386,s,l
566,2013-11-06 14:41:50.019200000,257.98648,0.2417423,s,l
567,2013-11-06 14:41:50.027100000,257.24005,0.07377025,s,l
568,2013-11-06 14:41:50.034300000,257.10635,0.386,s,l
569,2013-11-06 14:41:50.041500000,256.455,0.07377025,s,l
570,2013-11-06 14:41:50.049700000,256.22914,0.2247172,s,l
571,2013-11-06 14:41:51.291700000,256.22914,0.1672828,s,l
572,2013-11-06 14:42:09.015300000,255.71,0.385,b,l
573,2013-11-06 14:42:13.117400000,257.08791,0.381,s,l
574,2013-11-06 14:42:17.164600000,257.95515,0.0667172,s,l
575,2013-11-06 14:42:21.167900000,258.25032000000004,0.07244238,b,l
576,2013-11-06 14:42:25.402400000,259.02507,0.07265971,b,l
577,2013-11-06 14:42:28.232700000,259.70021,0.32134029,s,l
578,2013-11-06 14:42:28.240200000,258.82765,0.31555762,s,l
579,2013-11-06 14:42:28.247400000,257.95515,0.3312828,s,l
580,2013-11-06 14:42:29.433300000,257.9,0.03181929,b,l
581,2013-11-06 14:42:29.440300000,259.80215,0.07287769,b,l
582,2013-11-06 14:42:29.769200000,258.0,0.27930302,b,l
583,2013-11-06 14:42:49.481200000,258.0,0.389,b,l
584,2013-11-06 14:42:50.614400000,258.0,0.07309632,b,l
585,2013-11-06 14:42:53.563400000,259.72589,0.25860066,s,l
586,2013-11-06 14:42:57.748200000,260.58156,0.07309632,b,l
587,2013-11-06 14:43:18.968200000,261.46895,0.07309632,s,l
588,2013-11-06 14:43:18.991600000,261.35943,0.07309632,b,l
589,2013-11-06 14:43:21.879400000,262.1373,0.07309632,b,l
590,2013-11-06 14:53:58.212900000,262.92679,0.07375419,b,l
591,2013-11-06 14:54:15.002200000,263.71557,0.07397545,b,l
592,2013-11-06 15:10:35.881400000,264.50672000000003,0.07419738,b,l
593,2013-11-06 15:17:36.007800000,265.30024,0.07441997,b,l
594,2013-11-06 15:18:24.876300000,266.0,0.397,b,l
595,2013-11-06 15:18:49.473500000,266.0,0.003,b,l
596,2013-11-06 15:18:49.481500000,266.09614,0.07464323,b,l
597,2013-11-06 15:38:46.846400000,262.94372999999996,0.08519545,s,l
598,2013-11-06 15:38:47.318200000,262.15238999999997,0.08493986,b,l
599,2013-11-06 15:39:27.177700000,261.36843,0.08468504,s,l
600,2013-11-06 15:39:31.181900000,260.58432999999997,0.08443099,s,l
601,2013-11-06 15:39:52.548700000,258.71415,0.08417769,b,l
602,2013-11-06 15:39:52.568600000,259.01537,0.08417769,s,l
603,2013-11-06 15:39:54.959800000,258.22817000000003,0.08417769,s,l
604,2013-11-06 15:40:03.107200000,257.46435,0.0834201,s,l
605,2013-11-06 15:40:19.227100000,255.86,0.383,s,l
606,2013-11-06 15:40:23.077200000,255.86,0.387,s,l
607,2013-11-06 15:40:24.984800000,256.15466000000004,0.08316983,b,l
608,2013-11-06 15:40:31.160300000,255.91418,0.08316983,s,l
609,2013-11-06 15:40:31.168200000,255.86,0.23,s,l
610,2013-11-06 15:40:31.176400000,255.56,0.08283017,s,l
611,2013-11-06 15:40:35.169400000,255.56,0.394,s,l
612,2013-11-06 15:40:39.361400000,255.56,0.381,s,l
613,2013-11-06 15:40:51.838300000,256.15466000000004,0.30083017,b,l
614,2013-11-06 15:40:51.846000000,257.00462999999996,0.3065799,b,l
615,2013-11-06 15:41:03.589400000,257.8,0.391,s,l
616,2013-11-06 15:41:15.744600000,255.15181,0.08267082,s,l
617,2013-11-06 15:41:19.609600000,254.38635,0.0824228,s,l
618,2013-11-06 15:43:57.711400000,258.69566000000003,0.08217554,b,l
619,2013-11-06 15:43:57.719600000,259.46412999999995,0.08217554,b,l
620,2013-11-06 15:44:01.729300000,260.24782999999996,0.08266859,b,l
621,2013-11-06 15:56:14.836900000,256.9458,0.1,s,l
622,2013-11-06 15:58:34.472200000,256.93924,0.1,s,l
623,2013-11-06 15:59:08.531100000,260.416,0.1,s,l
624,2013-11-06 15:59:44.211000000,259.54485,0.1,s,l
625,2013-11-06 16:00:20.556500000,258.6703,0.1,s,l
626,2013-11-06 16:00:56.366600000,258.6703,0.1,s,l
627,2013-11-06 16:01:32.377400000,257.80357000000004,0.1,s,l
628,2013-11-06 16:02:08.237800000,257.80357000000004,0.1,s,l
629,2013-11-06 16:02:44.109900000,258.6662,0.1,s,l
630,2013-11-06 16:03:19.087700000,259.53679,0.1,s,l
631,2013-11-06 16:04:32.787900000,257.80357000000004,0.1,s,l
632,2013-11-06 16:05:14.562500000,257.80357000000004,0.1,s,l
633,2013-11-06 16:05:57.881200000,257.80357000000004,0.1,s,l
634,2013-11-06 16:06:34.269000000,257.80357000000004,0.1,s,l
635,2013-11-06 16:07:31.624700000,257.80357000000004,0.1,s,l
636,2013-11-06 16:08:16.044800000,256.93924,0.1,s,l
637,2013-11-06 16:11:32.914400000,256.0732,0.1,s,l
638,2013-11-06 16:12:13.687000000,255.91037000000003,0.08291659,s,l
639,2013-11-06 16:13:36.648600000,255.21795,0.1,s,l
640,2013-11-06 16:14:33.835800000,256.07502999999997,0.1,s,l
641,2013-11-06 16:15:11.800600000,256.07301,0.1,s,l
642,2013-11-06 16:15:45.893100000,256.93264,0.1,s,l
643,2013-11-06 16:17:22.529400000,256.07301,0.1,s,l
644,2013-11-06 16:17:58.871500000,256.07301,0.1,s,l
645,2013-11-06 16:41:35.551300000,256.11,0.1,s,l
646,2013-11-06 16:41:39.835000000,255.7,0.386,s,l
647,2013-11-06 16:41:46.658700000,256.08493,0.1,b,l
648,2013-11-06 16:41:59.693700000,255.7,0.387,s,l
649,2013-11-06 16:42:03.296400000,255.7,0.227,s,l
650,2013-11-06 16:42:03.305100000,255.4,0.166,s,l
651,2013-11-06 16:42:07.340300000,255.4,0.389,s,l
652,2013-11-06 16:42:31.838700000,255.24127000000001,0.396,b,l
653,2013-11-06 16:42:35.775800000,255.4,0.049,s,l
654,2013-11-06 16:42:35.784300000,255.4,0.344,s,l
655,2013-11-06 16:42:39.750400000,255.4,0.386,s,l
656,2013-11-06 16:51:52.238400000,256.93602000000004,0.1,b,l
657,2013-11-06 16:52:28.019900000,256.24,0.392,s,l
658,2013-11-06 16:52:33.510000000,256.93602000000004,0.1,b,l
659,2013-11-06 16:52:51.463200000,256.24,0.385,s,l
660,2013-11-06 16:53:10.999300000,256.93602000000004,0.1,b,l
661,2013-11-06 16:53:23.947000000,256.24,0.223,s,l
662,2013-11-06 16:53:47.611700000,256.08375,0.1,b,l
663,2013-11-06 16:53:54.454900000,256.08375,0.391,b,l
664,2013-11-06 16:54:24.956000000,256.08423,0.381,b,l
665,2013-11-06 16:54:25.458500000,256.93602000000004,0.1,b,l
666,2013-11-06 16:54:57.560100000,256.25,0.228,s,l
667,2013-11-06 16:55:00.794600000,256.08331,0.1,b,l
668,2013-11-06 16:55:33.920100000,256.08331,0.39,b,l
669,2013-11-06 16:55:33.928000000,256.93602000000004,0.199,b,l
670,2013-11-06 16:55:58.087000000,257.22399,0.1,s,l
671,2013-11-06 16:56:02.108200000,256.26,0.386,s,l
672,2013-11-06 16:56:10.855300000,256.93501000000003,0.1,b,l
673,2013-11-06 16:56:45.525000000,256.93501000000003,0.1,b,l
674,2013-11-06 16:57:08.647100000,256.93501000000003,0.4,b,l
675,2013-11-06 16:57:08.655100000,257.78843,0.383,b,l
676,2013-11-06 17:02:34.147500000,259.4892,0.1,s,l
677,2013-11-06 17:02:53.965100000,260.24549,0.08266784,b,l
678,2013-11-06 17:03:11.358500000,260.36062999999996,0.1,s,l
679,2013-11-06 17:03:49.153500000,259.4892,0.1,s,l
680,2013-11-06 17:06:47.914000000,259.915,0.00769482,b,m
681,2013-11-06 17:10:43.363600000,259.975,0.1,b,l
682,2013-11-06 17:10:54.366200000,260.35951,0.1,s,l
683,2013-11-06 17:11:03.438300000,261.02622,0.08291585,b,l
684,2013-11-06 17:11:33.414800000,261.23392,0.1,s,l
685,2013-11-06 17:12:11.977000000,260.495,0.1,b,l
686,2013-11-06 17:12:46.370900000,261.23381,0.1,s,l
687,2013-11-06 17:13:22.576700000,260.35951,0.1,s,l
688,2013-11-06 17:27:36.837700000,259.39999,0.1,b,l
689,2013-11-06 17:38:40.074500000,260.82,0.1,b,l
690,2013-11-06 17:38:51.649700000,261.23152999999996,0.1,s,l
691,2013-11-06 17:39:31.100400000,261.23152999999996,0.1,s,l
692,2013-11-06 17:40:09.656900000,260.35584,0.1,s,l
693,2013-11-06 17:40:53.979200000,260.84,0.1,b,l
694,2013-11-06 17:59:29.890900000,260.48,0.1,b,l
695,2013-11-06 18:03:23.254900000,260.48,0.05,s,l
696,2013-11-06 18:03:23.264299999,260.35632000000004,0.05,s,l
697,2013-11-06 18:58:31.782400000,260.93,0.1,b,l
698,2013-11-06 18:59:00.811900000,261.22862000000003,0.1,s,l
699,2013-11-06 18:59:44.600300000,261.22862000000003,0.1,s,l
700,2013-11-06 19:00:24.706200000,261.22862000000003,0.1,s,l
701,2013-11-06 19:01:10.167200000,261.22862000000003,0.1,s,l
702,2013-11-06 19:01:55.976800000,261.22862000000003,0.1,s,l
703,2013-11-06 19:02:37.542000000,261.22862000000003,0.1,s,l
704,2013-11-06 19:15:25.286600000,260.35228,0.1,s,l
705,2013-11-06 19:27:53.417100000,261.8093,0.0831646,b,l
706,2013-11-06 19:37:29.654700000,262.00498999999996,0.1,s,l
707,2013-11-06 19:38:15.897700000,262.00498999999996,0.1,s,l
708,2013-11-06 19:38:57.786400000,262.00498999999996,0.1,s,l
709,2013-11-06 20:14:54.422200000,261.22926,0.382,s,l
710,2013-11-06 20:14:54.431400000,260.562,0.1,s,l
711,2013-11-06 20:14:54.438600000,260.35526,0.391,s,l
712,2013-11-06 20:15:23.705600000,260.35552,0.127,s,l
713,2013-11-06 20:22:53.564000000,261.55,1.0,s,l
714,2013-11-06 20:46:13.246400000,261.8,0.00769482,s,m
715,2013-11-06 20:52:04.073000000,262.59472999999997,0.08341409,b,l
716,2013-11-06 20:52:08.077800000,263.38252,0.08366433,b,l
717,2013-11-06 21:33:38.864000000,263.73365,0.02,b,m
718,2013-11-06 21:37:01.165300000,263.73365,0.01634224,b,m
719,2013-11-06 22:39:56.132899999,261.21,0.386,s,l
720,2013-11-06 22:40:04.380100000,261.13574,0.382,b,l
721,2013-11-06 22:40:20.187500000,261.21,0.232,s,l
722,2013-11-06 22:40:20.196300000,260.91,0.16,s,l
723,2013-11-06 22:40:39.787700000,261.13505,0.388,b,l
724,2013-11-06 22:40:40.335000000,261.21,0.392,s,l
725,2013-11-06 22:41:08.290000000,261.21,0.22,s,l
726,2013-11-06 23:53:12.745500000,262.86097,0.387,b,l
727,2013-11-06 23:53:12.755200000,263.73697999999996,0.382,b,l
728,2013-11-06 23:53:28.273200000,264.15,0.394,s,l
729,2013-11-06 23:53:32.347300000,264.15,0.394,s,l
730,2013-11-06 23:53:56.138700000,264.15,0.212,s,l
731,2013-11-06 23:53:56.147700000,263.85,0.182,s,l
732,2013-11-06 23:54:00.147100000,262.86253999999997,0.049,b,l
733,2013-11-06 23:54:00.163300000,262.86253999999997,0.344,b,l
734,2013-11-06 23:54:28.411700000,263.73689,0.389,b,l
735,2013-11-06 23:54:32.431800000,262.86307,0.398,b,l
736,2013-11-06 23:55:00.262700000,263.73639,0.384,b,l
737,2013-11-06 23:55:04.662500000,262.86215,0.395,b,l
738,2013-11-06 23:55:32.615100000,263.73672,0.09,b,l
739,2013-11-07 00:10:43.124300000,262.8628,0.395,b,l
740,2013-11-07 00:11:00.511200000,262.8635,0.397,b,l
741,2013-11-07 00:11:32.529400000,262.86381,0.208,b,l
742,2013-11-07 00:15:26.503900000,263.06,0.385,s,l
743,2013-11-07 00:15:42.403700000,262.86327,0.398,b,l
744,2013-11-07 00:22:35.487900000,264.17266,0.08391532,b,l
745,2013-11-07 00:22:35.496800000,264.61066,0.386,b,l
746,2013-11-07 00:22:35.504000000,264.95741,0.08391532,b,l
747,2013-11-07 00:22:35.511100000,265.48894,0.394,b,l
748,2013-11-07 00:22:35.519100000,265.74216,0.05216936,b,l
749,2013-11-07 00:22:37.036100000,265.7577,0.08441882,b,l
750,2013-11-07 00:22:37.043700000,266.36984,0.384,b,l
751,2013-11-07 00:22:37.050900000,266.54716,0.08441882,b,l
752,2013-11-07 00:31:15.907800000,266.35857999999996,0.327,b,l
753,2013-11-07 00:31:17.429500000,267.23924,0.399,b,l
754,2013-11-07 00:31:17.438000000,267.33661,0.08441882,b,l
755,2013-11-07 01:49:30.977900000,268.11012999999997,0.392,b,l
756,2013-11-07 01:49:30.987000000,268.14952,0.0851954,b,l
757,2013-11-07 01:49:30.994300000,268.94608,0.0851954,b,l
758,2013-11-07 01:49:31.017400000,268.98359,0.395,b,l
759,2013-11-07 01:49:32.270700000,269.75842,0.08570657,b,l
760,2013-11-07 02:12:08.376000000,269.86292000000003,0.209,b,l
761,2013-11-07 02:12:08.384900000,270.55976,0.08570657,b,l
762,2013-11-07 02:12:08.392200000,270.74225,0.211,b,l
763,2013-11-07 02:12:08.399500000,271.3611,0.08570657,b,l
764,2013-11-07 02:22:17.545400000,272.99478999999997,0.08647793,b,l
765,2013-11-07 02:25:55.216000000,272.9,1.0,s,l
766,2013-11-07 02:25:56.412500000,273.2,1.0,s,l
767,2013-11-07 02:27:06.640000000,273.81378,0.08673736,b,l
768,2013-11-07 02:47:03.774600000,274.63522,0.08699758,b,l
769,2013-11-07 02:47:03.783400000,275.0,0.14579,b,l
770,2013-11-07 02:56:19.987000000,274.05,1.0,s,l
771,2013-11-07 02:56:19.994200000,273.79132999999996,0.383,s,l
772,2013-11-07 02:56:20.002500000,272.87656,0.017,s,l
773,2013-11-07 03:25:37.186600000,275.45912999999996,0.08725857,b,l
774,2013-11-07 03:25:57.558000000,275.9,0.03689,b,l
775,2013-11-07 07:40:04.394700000,277.9221,0.08752034,b,l
776,2013-11-07 07:40:04.403300000,278.7404,0.08752034,b,l
777,2013-11-07 07:40:43.405000000,348.4093,0.249,s,l
778,2013-11-07 07:40:43.414100000,347.24784,0.161,s,l
779,2013-11-07 07:42:42.894300000,310.63313999999997,0.391,s,l
780,2013-11-07 07:42:42.902300000,309.5937,0.397,s,l
781,2013-11-07 07:42:42.910200000,308.55426,0.397,s,l
782,2013-11-07 07:42:57.082500000,308.55426,0.005,b,l
783,2013-11-07 10:51:20.682100000,290.49158,0.01,b,m
784,2013-11-07 11:42:19.095500000,280.3,0.05,b,l
785,2013-11-07 11:42:26.753600000,281.73249,0.05,s,l
786,2013-11-07 11:44:36.944800000,282.0,0.05,b,l
787,2013-11-07 11:44:39.047200000,282.66844,0.05,s,l
788,2013-11-07 11:45:48.011400000,283.61566,0.05,s,l
789,2013-11-07 11:48:44.509300000,282.19999,0.05,s,l
790,2013-11-07 11:51:07.094800000,282.87834,0.05,b,l
791,2013-11-07 11:55:26.219400000,283.81042,0.385,b,l
792,2013-11-07 11:55:26.228300000,284.5,0.05,b,l
793,2013-11-07 11:55:26.235600000,284.75554,0.397,b,l
794,2013-11-07 11:55:50.557800000,284.75554,0.388,s,l
795,2013-11-07 11:56:46.733600000,283.80577,0.396,b,l
796,2013-11-07 11:56:46.741700000,284.75142999999997,0.39,b,l
797,2013-11-07 11:56:46.748800000,285.69911,0.395,b,l
798,2013-11-07 11:56:55.433200000,285.69911,0.009,s,l
799,2013-11-07 11:56:56.281700000,284.7593,0.377,b,l
800,2013-11-07 11:56:56.289300000,285.70588,0.382,b,l
801,2013-11-07 11:56:56.296400000,286.64763,0.4,b,l
802,2013-11-07 11:56:56.303700000,287.58516000000003,0.392,b,l
803,2013-11-07 11:56:56.310800000,288.52821,0.399,b,l
804,2013-11-07 11:56:56.317900000,289.47317999999996,0.4,b,l
805,2013-11-07 11:56:56.808300000,285.14685,0.05,b,l
806,2013-11-07 11:56:59.681000000,290.0,0.387,s,l
807,2013-11-07 11:57:23.920700000,290.0,0.392,s,l
808,2013-11-07 11:57:27.744100000,288.52477000000005,0.394,b,l
809,2013-11-07 11:57:30.982900000,290.0,1.03,s,m
810,2013-11-07 11:57:31.993000000,290.0,0.39,s,l
811,2013-11-07 11:57:35.835100000,290.0,0.399,s,l
812,2013-11-07 11:57:35.900400000,285.5,0.05,b,l
813,2013-11-07 11:57:40.445100000,290.0,0.387,s,l
814,2013-11-07 11:58:47.199700000,290.0,0.05,s,l
815,2013-11-07 11:59:56.877500000,290.0,0.05,s,l
816,2013-11-07 12:01:07.410900000,290.0,0.05,s,l
817,2013-11-07 12:01:43.395900000,290.0,0.05,s,l
818,2013-11-07 12:02:19.743700000,290.0,0.05,s,l
819,2013-11-07 12:02:54.843900000,290.0,0.05,s,l
820,2013-11-07 12:03:29.827200000,290.0,0.05,s,l
821,2013-11-07 12:04:06.646800000,290.0,0.05,s,l
822,2013-11-07 12:04:42.102100000,290.0,0.05,s,l
